time,best_bid,best_ask
1631435232.2474911,180.37000000,180.39000000
1631435232.339597,180.37000000,180.39000000
1631435232.4388428,180.37000000,180.39000000
1631435232.538938,180.37000000,180.39000000
1631435232.639414,180.37000000,180.39000000
1631435232.739459,180.37000000,180.38000000
1631435232.839575,180.36000000,180.37000000
1631435232.941908,180.36000000,180.37000000
1631435233.040653,180.36000000,180.37000000
1631435233.14011,180.36000000,180.37000000
1631435233.239659,180.36000000,180.37000000
1631435233.3396292,180.36000000,180.37000000
1631435233.4395468,180.36000000,180.37000000
1631435233.5406651,180.36000000,180.37000000
1631435233.640507,180.36000000,180.37000000
1631435233.7395809,180.36000000,180.37000000
1631435233.8400278,180.36000000,180.37000000
1631435233.9415958,180.36000000,180.37000000
1631435234.040056,180.36000000,180.37000000
1631435234.140681,180.36000000,180.37000000
1631435234.240344,180.36000000,180.37000000
1631435234.340338,180.36000000,180.37000000
1631435234.4410932,180.36000000,180.38000000
1631435234.542033,180.36000000,180.40000000
1631435234.6412349,180.36000000,180.40000000
1631435234.759146,180.36000000,180.40000000
1631435234.8434088,180.36000000,180.40000000
1631435234.945884,180.36000000,180.40000000
1631435235.0422678,180.36000000,180.40000000
1631435235.140973,180.36000000,180.40000000
1631435235.240437,180.38000000,180.45000000
1631435235.341003,180.38000000,180.45000000
1631435235.441674,180.38000000,180.45000000
1631435235.5404348,180.38000000,180.45000000
1631435235.646246,180.38000000,180.45000000
1631435235.744688,180.46000000,180.47000000
1631435235.8458738,180.46000000,180.47000000
1631435235.951606,180.46000000,180.56000000
1631435236.045839,180.46000000,180.55000000
1631435236.145958,180.46000000,180.55000000
1631435236.249782,180.41000000,180.54000000
1631435236.345162,180.46000000,180.52000000
1631435236.4453728,180.46000000,180.52000000
1631435236.547126,180.46000000,180.50000000
1631435236.6466691,180.46000000,180.50000000
1631435236.746645,180.46000000,180.50000000
1631435236.8452082,180.48000000,180.50000000
1631435236.949754,180.49000000,180.50000000
1631435237.045415,180.49000000,180.50000000
1631435237.1472352,180.49000000,180.51000000
1631435237.24751,180.49000000,180.50000000
1631435237.3467991,180.49000000,180.50000000
1631435237.445729,180.49000000,180.53000000
1631435237.546188,180.49000000,180.53000000
1631435237.646824,180.49000000,180.59000000
1631435237.778566,180.51000000,180.55000000
1631435237.852581,180.51000000,180.55000000
1631435237.953342,180.51000000,180.55000000
1631435238.04669,180.51000000,180.59000000
1631435238.146476,180.51000000,180.58000000
1631435238.246809,180.51000000,180.58000000
1631435238.347772,180.51000000,180.58000000
1631435238.4467049,180.51000000,180.58000000
1631435238.548811,180.51000000,180.58000000
1631435238.647584,180.51000000,180.58000000
1631435238.748468,180.51000000,180.58000000
1631435238.848798,180.51000000,180.58000000
1631435238.953079,180.51000000,180.58000000
1631435239.047992,180.51000000,180.58000000
1631435239.147691,180.51000000,180.58000000
1631435239.248217,180.51000000,180.59000000
1631435239.35039,180.54000000,180.59000000
1631435239.4516401,180.58000000,180.59000000
1631435239.547903,180.59000000,180.66000000
1631435239.648503,180.63000000,180.67000000
1631435239.749063,180.56000000,180.66000000
1631435239.849807,180.60000000,180.67000000
1631435239.952716,180.62000000,180.67000000
1631435240.048969,180.62000000,180.67000000
1631435240.148875,180.62000000,180.67000000
1631435240.2485492,180.59000000,180.67000000
1631435240.3492632,180.60000000,180.66000000
1631435240.4487748,180.60000000,180.63000000
1631435240.5504909,180.60000000,180.63000000
1631435240.6486,180.60000000,180.63000000
1631435240.7786329,180.60000000,180.63000000
1631435240.8491788,180.60000000,180.63000000
1631435240.954273,180.60000000,180.63000000
1631435241.0487838,180.60000000,180.65000000
1631435241.150201,180.60000000,180.65000000
1631435241.250407,180.60000000,180.65000000
1631435241.3493161,180.60000000,180.66000000
1631435241.450424,180.60000000,180.66000000
1631435241.549875,180.60000000,180.66000000
1631435241.653553,180.60000000,180.66000000
1631435241.755241,180.60000000,180.65000000
1631435241.859715,180.60000000,180.65000000
1631435241.978581,180.58000000,180.62000000
1631435242.0602639,180.58000000,180.62000000
1631435242.1602502,180.57000000,180.67000000
1631435242.260101,180.61000000,180.67000000
1631435242.3601248,180.62000000,180.68000000
1631435242.4598908,180.64000000,180.68000000
1631435242.5601878,180.67000000,180.71000000
1631435242.659864,180.69000000,180.71000000
1631435242.760352,180.69000000,180.71000000
1631435242.8605409,180.69000000,180.71000000
1631435242.9786,180.63000000,180.69000000
1631435243.0609221,180.59000000,180.67000000
1631435243.159926,180.60000000,180.68000000
1631435243.261497,180.61000000,180.68000000
1631435243.361375,180.60000000,180.68000000
1631435243.4615848,180.61000000,180.68000000
1631435243.561266,180.62000000,180.68000000
1631435243.678522,180.63000000,180.68000000
1631435243.778551,180.65000000,180.68000000
1631435243.86071,180.66000000,180.68000000
1631435243.97853,180.66000000,180.68000000
1631435244.0786,180.66000000,180.68000000
1631435244.1785989,180.66000000,180.68000000
1631435244.278643,180.66000000,180.70000000
1631435244.378685,180.66000000,180.70000000
1631435244.478525,180.65000000,180.70000000
1631435244.578757,180.65000000,180.70000000
1631435244.678612,180.55000000,180.68000000
1631435244.778667,180.56000000,180.65000000
1631435244.878603,180.57000000,180.66000000
1631435244.9785001,180.58000000,180.66000000
1631435245.07862,180.59000000,180.66000000
1631435245.178547,180.59000000,180.65000000
1631435245.278684,180.59000000,180.65000000
1631435245.378635,180.59000000,180.65000000
1631435245.4785228,180.59000000,180.65000000
1631435245.5786371,180.59000000,180.68000000
1631435245.678623,180.59000000,180.68000000
1631435245.778602,180.59000000,180.68000000
1631435245.878604,180.59000000,180.68000000
1631435245.978524,180.61000000,180.66000000
1631435246.078701,180.61000000,180.67000000
1631435246.178601,180.61000000,180.66000000
1631435246.278624,180.61000000,180.67000000
1631435246.37863,180.61000000,180.66000000
1631435246.4786031,180.61000000,180.67000000
1631435246.5785978,180.61000000,180.67000000
1631435246.678615,180.61000000,180.67000000
1631435246.780363,180.60000000,180.67000000
1631435246.8786829,180.61000000,180.66000000
1631435246.978626,180.61000000,180.67000000
1631435247.078569,180.61000000,180.67000000
1631435247.178745,180.61000000,180.67000000
1631435247.2786639,180.61000000,180.67000000
1631435247.378664,180.61000000,180.67000000
1631435247.478677,180.61000000,180.69000000
1631435247.578557,180.61000000,180.69000000
1631435247.678619,180.60000000,180.66000000
1631435247.77855,180.60000000,180.66000000
1631435247.8786392,180.60000000,180.66000000
1631435247.9785879,180.60000000,180.68000000
1631435248.078741,180.60000000,180.68000000
1631435248.1786351,180.61000000,180.68000000
1631435248.278656,180.61000000,180.68000000
1631435248.378697,180.60000000,180.68000000
1631435248.478687,180.60000000,180.68000000
1631435248.5787299,180.61000000,180.69000000
1631435248.678655,180.62000000,180.70000000
1631435248.7787352,180.62000000,180.70000000
1631435248.878697,180.62000000,180.70000000
1631435249.0573921,180.63000000,180.70000000
1631435249.1574452,180.66000000,180.71000000
1631435249.256981,180.68000000,180.71000000
1631435249.358082,180.68000000,180.79000000
1631435249.46007,180.68000000,180.79000000
1631435249.5575428,180.68000000,180.79000000
1631435249.657314,180.65000000,180.78000000
1631435249.778715,180.66000000,180.77000000
1631435249.861381,180.67000000,180.77000000
1631435249.9590652,180.67000000,180.77000000
1631435250.058652,180.67000000,180.76000000
1631435250.157891,180.67000000,180.76000000
1631435250.2581718,180.67000000,180.76000000
1631435250.358794,180.68000000,180.76000000
1631435250.458771,180.71000000,180.80000000
1631435250.558539,180.71000000,180.80000000
1631435250.6786518,180.71000000,180.80000000
1631435250.7608268,180.71000000,180.80000000
1631435250.860876,180.71000000,180.80000000
1631435250.960906,180.71000000,180.80000000
1631435251.0785658,180.68000000,180.78000000
1631435251.178644,180.68000000,180.76000000
1631435251.2786372,180.68000000,180.76000000
1631435251.3786619,180.69000000,180.77000000
1631435251.478689,180.68000000,180.77000000
1631435251.5786738,180.68000000,180.77000000
1631435251.678676,180.68000000,180.77000000
1631435251.778618,180.68000000,180.77000000
1631435251.878803,180.69000000,180.77000000
1631435251.978739,180.69000000,180.77000000
1631435252.078631,180.68000000,180.77000000
1631435252.1786728,180.68000000,180.77000000
1631435252.278667,180.68000000,180.77000000
1631435252.378737,180.68000000,180.77000000
1631435252.478636,180.68000000,180.77000000
1631435252.578633,180.69000000,180.77000000
1631435252.6786869,180.69000000,180.76000000
1631435252.782866,180.68000000,180.76000000
1631435252.878633,180.68000000,180.76000000
1631435252.978809,180.68000000,180.76000000
1631435253.07867,180.68000000,180.73000000
1631435253.178636,180.68000000,180.73000000
1631435253.282151,180.68000000,180.73000000
1631435253.378724,180.68000000,180.73000000
1631435253.4788392,180.68000000,180.74000000
1631435253.578748,180.68000000,180.75000000
1631435253.6788008,180.70000000,180.75000000
1631435253.77868,180.70000000,180.75000000
1631435253.878742,180.70000000,180.75000000
1631435253.9787579,180.70000000,180.75000000
1631435254.078766,180.70000000,180.75000000
1631435254.178755,180.70000000,180.71000000
1631435254.278774,180.70000000,180.75000000
1631435254.378809,180.70000000,180.75000000
1631435254.478702,180.70000000,180.75000000
1631435254.5787652,180.70000000,180.75000000
1631435254.678695,180.70000000,180.75000000
1631435254.778782,180.70000000,180.75000000
1631435254.878817,180.70000000,180.75000000
1631435254.978797,180.70000000,180.75000000
1631435255.078794,180.70000000,180.75000000
1631435255.178654,180.70000000,180.75000000
1631435255.278674,180.70000000,180.73000000
1631435255.3788211,180.70000000,180.73000000
1631435255.478785,180.70000000,180.73000000
1631435255.578824,180.70000000,180.73000000
1631435255.6894348,180.70000000,180.73000000
1631435255.794872,180.70000000,180.76000000
1631435255.889859,180.70000000,180.76000000
1631435255.998446,180.70000000,180.76000000
1631435256.089212,180.70000000,180.76000000
1631435256.210335,180.70000000,180.76000000
1631435256.311185,180.70000000,180.76000000
1631435256.4111009,180.70000000,180.76000000
1631435256.5787258,180.70000000,180.76000000
1631435256.678815,180.70000000,180.76000000
1631435256.778736,180.70000000,180.76000000
1631435256.8786812,180.70000000,180.75000000
1631435256.9797928,180.70000000,180.76000000
1631435257.0788212,180.70000000,180.76000000
1631435257.2375932,180.70000000,180.76000000
1631435257.337909,180.70000000,180.76000000
1631435257.438007,180.70000000,180.76000000
1631435257.539944,180.70000000,180.76000000
1631435257.6387908,180.70000000,180.75000000
1631435257.739993,180.72000000,180.75000000
1631435257.837732,180.72000000,180.75000000
1631435257.937282,180.72000000,180.75000000
1631435258.110558,180.72000000,180.75000000
1631435258.2103271,180.72000000,180.75000000
1631435258.310852,180.72000000,180.75000000
1631435258.410362,180.72000000,180.75000000
1631435258.5109482,180.72000000,180.75000000
1631435258.6108558,180.72000000,180.75000000
1631435258.710381,180.72000000,180.75000000
1631435258.810901,180.72000000,180.75000000
1631435259.128719,180.72000000,180.75000000
1631435259.195978,180.72000000,180.75000000
1631435259.297185,180.72000000,180.75000000
1631435259.396657,180.72000000,180.76000000
1631435259.497393,180.72000000,180.76000000
1631435259.597248,180.72000000,180.76000000
1631435259.700947,180.72000000,180.76000000
1631435259.796372,180.72000000,180.75000000
1631435259.898527,180.76000000,180.78000000
1631435260.00486,180.76000000,180.78000000
1631435260.097176,180.76000000,180.78000000
1631435260.1974459,180.78000000,180.87000000
1631435260.296293,180.80000000,180.87000000
1631435260.396755,180.80000000,180.86000000
1631435260.496754,180.80000000,180.86000000
1631435260.604335,180.80000000,180.86000000
1631435260.6999328,180.80000000,180.86000000
1631435260.803851,180.80000000,180.87000000
1631435260.904716,180.80000000,180.87000000
1631435261.0078561,180.80000000,180.86000000
1631435261.1032588,180.80000000,180.86000000
1631435261.207226,180.84000000,180.86000000
1631435261.307879,180.85000000,180.86000000
1631435261.407837,180.85000000,180.87000000
1631435261.508343,180.85000000,180.87000000
1631435261.611428,180.85000000,180.86000000
1631435261.711531,180.81000000,180.86000000
1631435261.828914,180.81000000,180.86000000
1631435261.9289339,180.81000000,180.86000000
1631435262.011735,180.81000000,180.86000000
1631435262.128912,180.81000000,180.86000000
1631435262.229068,180.81000000,180.86000000
1631435262.328866,180.81000000,180.86000000
1631435262.4287622,180.81000000,180.86000000
1631435262.5299048,180.81000000,180.86000000
1631435262.62884,180.81000000,180.86000000
1631435262.728842,180.81000000,180.86000000
1631435262.828786,180.81000000,180.86000000
1631435262.928648,180.81000000,180.86000000
1631435263.028814,180.81000000,180.86000000
1631435263.1287968,180.81000000,180.86000000
1631435263.228925,180.81000000,180.86000000
1631435263.328793,180.81000000,180.86000000
1631435263.42881,180.81000000,180.86000000
1631435263.5288472,180.81000000,180.86000000
1631435263.628821,180.81000000,180.86000000
1631435263.728876,180.81000000,180.86000000
1631435263.828912,180.81000000,180.86000000
1631435263.928876,180.81000000,180.84000000
1631435264.028821,180.81000000,180.84000000
1631435264.128897,180.81000000,180.84000000
1631435264.228818,180.81000000,180.84000000
1631435264.3288572,180.81000000,180.84000000
1631435264.4290938,180.81000000,180.84000000
1631435264.528925,180.81000000,180.84000000
1631435264.631809,180.81000000,180.84000000
1631435264.728964,180.81000000,180.84000000
1631435264.828794,180.81000000,180.84000000
1631435264.9289339,180.81000000,180.84000000
1631435265.028822,180.81000000,180.84000000
1631435265.1288939,180.81000000,180.84000000
1631435265.228875,180.81000000,180.84000000
1631435265.328925,180.81000000,180.84000000
1631435265.4288151,180.81000000,180.84000000
1631435265.528915,180.73000000,180.82000000
1631435265.628887,180.73000000,180.76000000
1631435265.729301,180.68000000,180.76000000
1631435265.828877,180.68000000,180.76000000
1631435265.928847,180.68000000,180.75000000
1631435266.0288792,180.70000000,180.78000000
1631435266.12897,180.70000000,180.78000000
1631435266.228838,180.70000000,180.78000000
1631435266.32888,180.71000000,180.78000000
1631435266.428884,180.71000000,180.78000000
1631435266.528899,180.69000000,180.78000000
1631435266.628923,180.69000000,180.78000000
1631435266.7289028,180.70000000,180.78000000
1631435266.828944,180.70000000,180.78000000
1631435266.928983,180.70000000,180.78000000
1631435267.028985,180.70000000,180.78000000
1631435267.1288571,180.70000000,180.78000000
1631435267.245229,180.70000000,180.78000000
1631435267.344667,181.00000000,181.01000000
1631435267.444479,180.77000000,180.84000000
1631435267.546626,180.78000000,180.90000000
1631435267.64577,180.80000000,180.87000000
1631435267.778909,180.81000000,180.87000000
1631435267.846366,180.81000000,180.87000000
1631435267.945909,180.81000000,180.87000000
1631435268.0458,180.78000000,180.85000000
1631435268.145586,180.77000000,180.85000000
1631435268.245714,180.77000000,180.85000000
1631435268.346486,180.77000000,180.83000000
1631435268.446926,180.77000000,180.81000000
1631435268.5473669,180.77000000,180.81000000
1631435268.6474261,180.77000000,180.81000000
1631435268.7478468,180.77000000,180.81000000
1631435268.847695,180.77000000,180.81000000
1631435268.947886,180.77000000,180.81000000
1631435269.052016,180.77000000,180.81000000
1631435269.1480398,180.77000000,180.81000000
1631435269.2506151,180.77000000,180.81000000
1631435269.352743,180.77000000,180.81000000
1631435269.448511,180.77000000,180.81000000
1631435269.549226,180.77000000,180.79000000
1631435269.648594,180.77000000,180.79000000
1631435269.749069,180.73000000,180.79000000
1631435269.848181,180.69000000,180.79000000
1631435269.9493508,180.69000000,180.79000000
1631435270.051174,180.69000000,180.78000000
1631435270.149697,180.69000000,180.78000000
1631435270.248915,180.69000000,180.78000000
1631435270.349377,180.70000000,180.78000000
1631435270.45067,180.71000000,180.78000000
1631435270.550655,180.71000000,180.78000000
1631435270.650102,180.71000000,180.78000000
1631435270.7789161,180.73000000,180.84000000
1631435270.878928,180.75000000,180.83000000
1631435270.954537,180.75000000,180.83000000
1631435271.060058,180.75000000,180.83000000
1631435271.159213,180.74000000,180.83000000
1631435271.261464,180.74000000,180.83000000
1631435271.359891,180.75000000,180.83000000
1631435271.4597702,180.75000000,180.83000000
1631435271.590014,180.75000000,180.83000000
1631435271.694696,180.75000000,180.83000000
1631435271.795412,180.75000000,180.83000000
1631435271.895581,180.75000000,180.83000000
1631435271.9959161,180.75000000,180.83000000
1631435272.103276,180.75000000,180.83000000
1631435272.2029,180.75000000,180.83000000
1631435272.304374,180.75000000,180.83000000
1631435272.404737,180.75000000,180.83000000
1631435272.503356,180.75000000,180.83000000
1631435272.604595,180.75000000,180.83000000
1631435272.7050161,180.75000000,180.81000000
1631435272.805758,180.75000000,180.80000000
1631435272.90558,180.73000000,180.79000000
1631435273.005494,180.71000000,180.79000000
1631435273.1056068,180.71000000,180.79000000
1631435273.20705,180.71000000,180.79000000
1631435273.3051689,180.71000000,180.79000000
1631435273.405257,180.71000000,180.79000000
1631435273.5055969,180.73000000,180.79000000
1631435273.6066828,180.73000000,180.79000000
1631435273.705943,180.73000000,180.79000000
1631435273.8091788,180.73000000,180.79000000
1631435273.906262,180.73000000,180.79000000
1631435274.005939,180.73000000,180.79000000
1631435274.105603,180.73000000,180.79000000
1631435274.206198,180.73000000,180.79000000
1631435274.3070889,180.73000000,180.79000000
1631435274.407199,180.73000000,180.79000000
1631435274.506508,180.75000000,180.79000000
1631435274.6060429,180.80000000,180.83000000
1631435274.710968,180.80000000,180.85000000
1631435274.806157,180.80000000,180.85000000
1631435274.9070148,180.80000000,180.85000000
1631435275.007211,180.80000000,180.83000000
1631435275.106286,180.80000000,180.82000000
1631435275.2063181,180.80000000,180.81000000
1631435275.307036,180.80000000,180.84000000
1631435275.408111,180.80000000,180.82000000
1631435275.506646,180.80000000,180.83000000
1631435275.60693,180.80000000,180.83000000
1631435275.707498,180.80000000,180.85000000
1631435275.807353,180.80000000,180.82000000
1631435275.906883,180.80000000,180.85000000
1631435276.008627,180.82000000,180.85000000
1631435276.111671,180.82000000,180.85000000
1631435276.207493,180.82000000,180.85000000
1631435276.307494,180.82000000,180.85000000
1631435276.406809,180.80000000,180.85000000
1631435276.5078452,180.80000000,180.83000000
1631435276.6077068,180.80000000,180.83000000
1631435276.710969,180.80000000,180.83000000
1631435276.829074,180.80000000,180.83000000
1631435276.911476,180.80000000,180.83000000
1631435277.010578,180.76000000,180.83000000
1631435277.111596,180.75000000,180.83000000
1631435277.210339,180.76000000,180.83000000
1631435277.310952,180.76000000,180.83000000
1631435277.411414,180.76000000,180.83000000
1631435277.512189,180.76000000,180.83000000
1631435277.61124,180.76000000,180.83000000
1631435277.729057,180.76000000,180.82000000
1631435277.8108559,180.76000000,180.82000000
1631435277.911722,180.76000000,180.82000000
1631435278.010407,180.76000000,180.82000000
1631435278.111464,180.77000000,180.82000000
1631435278.2121868,180.76000000,180.82000000
1631435278.3291242,180.76000000,180.82000000
1631435278.42912,180.76000000,180.82000000
1631435278.529084,180.76000000,180.81000000
1631435278.611824,180.76000000,180.80000000
1631435278.778976,180.76000000,180.80000000
1631435278.879013,180.76000000,180.80000000
1631435278.9791172,180.76000000,180.80000000
1631435279.079134,180.74000000,180.80000000
1631435279.178977,180.75000000,180.80000000
1631435279.261987,180.75000000,180.76000000
1631435279.3791502,180.75000000,180.76000000
1631435279.479085,180.75000000,180.76000000
1631435279.579166,180.73000000,180.76000000
1631435279.679125,180.73000000,180.76000000
1631435279.797766,180.73000000,180.76000000
1631435279.8791091,180.73000000,180.76000000
1631435279.97906,180.73000000,180.81000000
1631435280.079137,180.75000000,180.80000000
1631435280.179144,180.77000000,180.80000000
1631435280.2791948,180.77000000,180.80000000
1631435280.379151,180.77000000,180.80000000
1631435280.4791338,180.77000000,180.81000000
1631435280.5791109,180.77000000,180.81000000
1631435280.679185,180.77000000,180.81000000
1631435280.7790568,180.77000000,180.81000000
1631435280.879151,180.77000000,180.80000000
1631435280.979163,180.77000000,180.80000000
1631435281.079191,180.77000000,180.80000000
1631435281.1792252,180.77000000,180.80000000
1631435281.279132,180.79000000,180.80000000
1631435281.379223,180.79000000,180.80000000
1631435281.479147,180.79000000,180.80000000
1631435281.579218,180.79000000,180.80000000
1631435281.679219,180.79000000,180.80000000
1631435281.779233,180.79000000,180.80000000
1631435281.879274,180.79000000,180.80000000
1631435281.97922,180.78000000,180.80000000
1631435282.079231,180.78000000,180.80000000
1631435282.179116,180.78000000,180.80000000
1631435282.279256,180.78000000,180.80000000
1631435282.379138,180.74000000,180.79000000
1631435282.479102,180.74000000,180.78000000
1631435282.579169,180.69000000,180.78000000
1631435282.679252,180.68000000,180.75000000
1631435282.800917,180.68000000,180.75000000
1631435282.879183,180.68000000,180.75000000
1631435282.9791071,180.68000000,180.75000000
1631435283.079081,180.69000000,180.76000000
1631435283.179113,180.69000000,180.76000000
1631435283.279087,180.68000000,180.76000000
1631435283.379337,180.69000000,180.76000000
1631435283.479087,180.69000000,180.76000000
1631435283.57919,180.71000000,180.78000000
1631435283.679184,180.71000000,180.78000000
1631435283.779105,180.71000000,180.78000000
1631435283.87917,180.71000000,180.78000000
1631435283.9791832,180.71000000,180.78000000
1631435284.079199,180.71000000,180.78000000
1631435284.180802,180.68000000,180.78000000
1631435284.279103,180.68000000,180.78000000
1631435284.3791869,180.68000000,180.76000000
1631435284.479145,180.68000000,180.74000000
1631435284.579173,180.68000000,180.72000000
1631435284.6790779,180.68000000,180.71000000
1631435284.780035,180.68000000,180.70000000
1631435284.8790772,180.68000000,180.69000000
1631435284.9799318,180.68000000,180.69000000
1631435285.0812721,180.68000000,180.69000000
1631435285.179163,180.68000000,180.69000000
1631435285.279171,180.68000000,180.69000000
1631435285.379186,180.68000000,180.69000000
1631435285.4792461,180.68000000,180.69000000
1631435285.579115,180.68000000,180.69000000
1631435285.6790779,180.68000000,180.69000000
1631435285.830513,180.68000000,180.69000000
1631435285.880971,180.68000000,180.69000000
1631435285.979203,180.68000000,180.69000000
1631435286.079118,180.68000000,180.69000000
1631435286.1793349,180.68000000,180.69000000
1631435286.2792408,180.68000000,180.69000000
1631435286.379149,180.68000000,180.69000000
1631435286.4822369,180.68000000,180.69000000
1631435286.579346,180.68000000,180.69000000
1631435286.679147,180.68000000,180.69000000
1631435286.779223,180.68000000,180.69000000
1631435286.879107,180.68000000,180.69000000
1631435286.979255,180.68000000,180.69000000
1631435287.08019,180.68000000,180.69000000
1631435287.180214,180.68000000,180.69000000
1631435287.280412,180.68000000,180.69000000
1631435287.379113,180.68000000,180.69000000
1631435287.487652,180.68000000,180.69000000
1631435287.579214,180.68000000,180.69000000
1631435287.680063,180.68000000,180.69000000
1631435287.779116,180.68000000,180.69000000
1631435287.8801181,180.68000000,180.69000000
1631435287.9794,180.68000000,180.69000000
1631435288.0811882,180.68000000,180.69000000
1631435288.179122,180.68000000,180.69000000
1631435288.279139,180.68000000,180.69000000
1631435288.379976,180.68000000,180.69000000
1631435288.479171,180.68000000,180.69000000
1631435288.580068,180.68000000,180.69000000
1631435288.679126,180.68000000,180.69000000
1631435288.829206,180.68000000,180.69000000
1631435288.8799229,180.68000000,180.69000000
1631435288.979209,180.68000000,180.69000000
1631435289.081999,180.68000000,180.69000000
1631435289.179116,180.68000000,180.69000000
1631435289.279243,180.68000000,180.69000000
1631435289.379256,180.68000000,180.69000000
1631435289.48033,180.68000000,180.69000000
1631435289.5791922,180.68000000,180.69000000
1631435289.679159,180.68000000,180.69000000
1631435289.779299,180.68000000,180.69000000
1631435289.879215,180.68000000,180.69000000
1631435289.979289,180.68000000,180.69000000
1631435290.080598,180.68000000,180.69000000
1631435290.179211,180.68000000,180.69000000
1631435290.279166,180.68000000,180.69000000
1631435290.379327,180.68000000,180.69000000
1631435290.479306,180.68000000,180.69000000
1631435290.57921,180.68000000,180.69000000
1631435290.679421,180.68000000,180.69000000
1631435290.782957,180.68000000,180.69000000
1631435290.8791869,180.68000000,180.69000000
1631435290.980195,180.68000000,180.69000000
1631435291.086294,180.68000000,180.69000000
1631435291.17952,180.68000000,180.69000000
1631435291.2806778,180.68000000,180.69000000
1631435291.379224,180.68000000,180.69000000
1631435291.480648,180.68000000,180.69000000
1631435291.629218,180.68000000,180.69000000
1631435291.729326,180.68000000,180.69000000
1631435291.8294,180.68000000,180.69000000
1631435291.92926,180.68000000,180.69000000
1631435292.029334,180.68000000,180.69000000
1631435292.129188,180.68000000,180.69000000
1631435292.229322,180.68000000,180.69000000
1631435292.33453,180.68000000,180.69000000
1631435292.434689,180.68000000,180.69000000
1631435292.534218,180.68000000,180.69000000
1631435292.635355,180.68000000,180.69000000
1631435292.7402549,180.68000000,180.69000000
1631435292.979337,180.68000000,180.69000000
1631435293.0792372,180.68000000,180.69000000
1631435293.1794062,180.68000000,180.69000000
1631435293.279317,180.68000000,180.69000000
1631435293.379261,180.68000000,180.69000000
1631435293.4792929,180.68000000,180.69000000
1631435293.5792902,180.68000000,180.69000000
1631435293.679374,180.68000000,180.69000000
1631435293.779244,180.68000000,180.69000000
1631435293.8793468,180.68000000,180.69000000
1631435293.979557,180.68000000,180.69000000
1631435294.07938,180.68000000,180.69000000
1631435294.179324,180.68000000,180.69000000
1631435294.2793741,180.68000000,180.69000000
1631435294.379328,180.68000000,180.69000000
1631435294.479278,180.68000000,180.69000000
1631435294.579489,180.68000000,180.69000000
1631435294.679351,180.68000000,180.69000000
1631435294.794039,180.68000000,180.69000000
1631435294.929227,180.68000000,180.69000000
1631435295.029251,180.68000000,180.69000000
1631435295.12922,180.68000000,180.69000000
1631435295.229197,180.68000000,180.69000000
1631435295.329424,180.68000000,180.69000000
1631435295.429358,180.68000000,180.69000000
1631435295.5292978,180.68000000,180.69000000
1631435295.6292748,180.68000000,180.69000000
1631435295.7292118,180.68000000,180.69000000
1631435295.8293629,180.68000000,180.69000000
1631435295.936675,180.68000000,180.69000000
1631435296.036594,180.68000000,180.69000000
1631435296.136096,180.68000000,180.69000000
1631435296.2366269,180.68000000,180.69000000
1631435296.335753,180.68000000,180.69000000
1631435296.436246,180.68000000,180.69000000
1631435296.536213,180.68000000,180.73000000
1631435296.637218,180.68000000,180.73000000
1631435296.737174,180.68000000,180.73000000
1631435296.8369658,180.68000000,180.70000000
1631435297.0376801,180.68000000,180.70000000
1631435297.137884,180.68000000,180.70000000
1631435297.241915,180.68000000,180.70000000
1631435297.346366,180.68000000,180.69000000
1631435297.442291,180.68000000,180.69000000
1631435297.542859,180.68000000,180.69000000
1631435297.644149,180.68000000,180.69000000
1631435297.742687,180.68000000,180.69000000
1631435297.8499572,180.68000000,180.69000000
1631435297.94331,180.68000000,180.69000000
1631435298.043411,180.68000000,180.69000000
1631435298.143533,180.68000000,180.69000000
1631435298.242825,180.68000000,180.69000000
1631435298.344204,180.68000000,180.69000000
1631435298.4435651,180.68000000,180.69000000
1631435298.5440378,180.68000000,180.69000000
1631435298.643191,180.68000000,180.69000000
1631435298.804193,180.68000000,180.69000000
1631435298.906861,180.68000000,180.69000000
1631435299.005996,180.68000000,180.69000000
1631435299.10898,180.68000000,180.69000000
1631435299.2052999,180.68000000,180.69000000
1631435299.30641,180.68000000,180.69000000
1631435299.405932,180.68000000,180.69000000
1631435299.50577,180.68000000,180.69000000
1631435299.6069062,180.68000000,180.69000000
1631435299.706445,180.68000000,180.69000000
1631435300.079387,180.68000000,180.69000000
1631435300.157177,180.68000000,180.69000000
1631435300.2575822,180.68000000,180.69000000
1631435300.357395,180.68000000,180.69000000
1631435300.45683,180.68000000,180.69000000
1631435300.560692,180.68000000,180.69000000
1631435300.6794019,180.68000000,180.69000000
1631435300.7623801,180.68000000,180.69000000
1631435300.8796139,180.68000000,180.69000000
1631435300.9614668,180.68000000,180.69000000
1631435301.079386,180.68000000,180.69000000
1631435301.179347,180.68000000,180.69000000
1631435301.262084,180.68000000,180.69000000
1631435301.3792331,180.68000000,180.69000000
1631435301.462414,180.68000000,180.69000000
1631435301.5621278,180.68000000,180.69000000
1631435301.6794271,180.68000000,180.69000000
1631435301.779409,180.68000000,180.69000000
1631435301.879308,180.68000000,180.69000000
1631435302.031096,180.68000000,180.69000000
1631435302.134232,180.68000000,180.69000000
1631435302.233373,180.68000000,180.69000000
1631435302.332009,180.68000000,180.69000000
1631435302.431573,180.68000000,180.69000000
1631435302.5318851,180.68000000,180.76000000
1631435302.6337972,180.68000000,180.76000000
1631435302.734313,180.68000000,180.76000000
1631435302.8351629,180.68000000,180.76000000
1631435302.945129,180.68000000,180.74000000
1631435303.052185,180.68000000,180.74000000
1631435303.133473,180.68000000,180.74000000
1631435303.232865,180.68000000,180.74000000
1631435303.33442,180.68000000,180.77000000
1631435303.434121,180.70000000,180.76000000
1631435303.5321238,180.72000000,180.77000000
1631435303.632579,180.74000000,180.79000000
1631435303.732578,180.74000000,180.80000000
1631435303.838798,180.74000000,180.80000000
1631435303.9326122,180.74000000,180.80000000
1631435304.032449,180.74000000,180.79000000
1631435304.138326,180.74000000,180.79000000
1631435304.232821,180.74000000,180.79000000
1631435304.332475,180.71000000,180.79000000
1631435304.43262,180.72000000,180.79000000
1631435304.544495,180.71000000,180.79000000
1631435304.633728,180.71000000,180.79000000
1631435304.732744,180.71000000,180.79000000
1631435304.833854,180.72000000,180.79000000
1631435304.933507,180.72000000,180.79000000
1631435305.0334048,180.72000000,180.80000000
1631435305.139456,180.73000000,180.80000000
1631435305.238938,180.73000000,180.79000000
1631435305.338455,180.74000000,180.79000000
1631435305.439062,180.73000000,180.79000000
1631435305.5381582,180.73000000,180.78000000
1631435305.638277,180.73000000,180.79000000
1631435305.738728,180.72000000,180.79000000
1631435305.8785322,180.72000000,180.79000000
1631435305.979689,180.72000000,180.79000000
1631435306.078563,180.72000000,180.79000000
1631435306.180777,180.72000000,180.79000000
1631435306.2795022,180.72000000,180.79000000
1631435306.378836,180.75000000,180.80000000
1631435306.480065,180.72000000,180.82000000
1631435306.5813708,180.72000000,180.81000000
1631435306.68032,180.73000000,180.81000000
1631435306.826118,180.73000000,180.81000000
1631435306.887776,180.73000000,180.81000000
1631435306.98442,180.73000000,180.81000000
1631435307.080995,180.73000000,180.81000000
1631435307.180706,180.73000000,180.81000000
1631435307.2804182,180.73000000,180.81000000
1631435307.380469,180.73000000,180.81000000
1631435307.4804952,180.73000000,180.81000000
1631435307.580853,180.73000000,180.81000000
1631435307.681112,180.78000000,180.81000000
1631435307.7811048,180.78000000,180.83000000
1631435307.880985,180.78000000,180.81000000
1631435307.981837,180.78000000,180.81000000
1631435308.081415,180.77000000,180.81000000
1631435308.181234,180.77000000,180.81000000
1631435308.28075,180.77000000,180.81000000
1631435308.381715,180.77000000,180.81000000
1631435308.48142,180.72000000,180.81000000
1631435308.582471,180.72000000,180.81000000
1631435308.681726,180.70000000,180.78000000
1631435308.7818182,180.70000000,180.77000000
1631435308.8826392,180.70000000,180.77000000
1631435308.983934,180.70000000,180.78000000
1631435309.083374,180.70000000,180.78000000
1631435309.188928,180.70000000,180.78000000
1631435309.2895,180.70000000,180.80000000
1631435309.3838022,180.70000000,180.80000000
1631435309.537106,180.70000000,180.80000000
1631435309.6371222,180.70000000,180.80000000
1631435309.683622,180.70000000,180.77000000
1631435309.826273,180.70000000,180.76000000
1631435309.884377,180.68000000,180.76000000
1631435309.9831622,180.68000000,180.76000000
1631435310.083781,180.68000000,180.76000000
1631435310.1846368,180.68000000,180.76000000
1631435310.285008,180.69000000,180.76000000
1631435310.384117,180.69000000,180.76000000
1631435310.484263,180.70000000,180.76000000
1631435310.583943,180.70000000,180.76000000
1631435310.6864278,180.70000000,180.76000000
1631435310.784344,180.69000000,180.76000000
1631435310.8848221,180.69000000,180.76000000
1631435310.985455,180.69000000,180.76000000
1631435311.0852191,180.68000000,180.76000000
1631435311.185285,180.68000000,180.76000000
1631435311.284964,180.68000000,180.76000000
1631435311.385513,180.68000000,180.74000000
1631435311.4847438,180.68000000,180.74000000
1631435311.584595,180.68000000,180.74000000
1631435311.685499,180.68000000,180.74000000
1631435311.7898922,180.68000000,180.72000000
1631435311.8915079,180.68000000,180.72000000
1631435311.98942,180.68000000,180.72000000
1631435312.0898821,180.68000000,180.72000000
1631435312.194954,180.68000000,180.72000000
1631435312.294626,180.68000000,180.72000000
1631435312.393613,180.68000000,180.72000000
1631435312.494238,180.68000000,180.72000000
1631435312.593919,180.68000000,180.72000000
1631435312.694604,180.68000000,180.72000000
1631435312.826261,180.68000000,180.72000000
1631435312.894392,180.69000000,180.71000000
1631435312.993669,180.69000000,180.71000000
1631435313.094605,180.69000000,180.71000000
1631435313.197532,180.69000000,180.71000000
1631435313.294826,180.69000000,180.71000000
1631435313.394785,180.69000000,180.71000000
1631435313.494933,180.69000000,180.71000000
1631435313.594413,180.69000000,180.71000000
1631435313.694849,180.69000000,180.71000000
1631435313.7950358,180.69000000,180.71000000
1631435313.896369,180.69000000,180.71000000
1631435314.000684,180.74000000,180.76000000
1631435314.104146,180.74000000,180.76000000
1631435314.1966422,180.74000000,180.76000000
1631435314.295647,180.74000000,180.76000000
1631435314.397417,180.74000000,180.81000000
1631435314.4957418,180.77000000,180.80000000
1631435314.5951,180.77000000,180.80000000
1631435314.696216,180.77000000,180.80000000
1631435314.796265,180.77000000,180.80000000
1631435314.896775,180.75000000,180.80000000
1631435314.9969852,180.69000000,180.79000000
1631435315.095721,180.72000000,180.79000000
1631435315.1966321,180.72000000,180.79000000
1631435315.2964852,180.72000000,180.79000000
1631435315.396974,180.72000000,180.79000000
1631435315.496208,180.72000000,180.79000000
1631435315.595872,180.72000000,180.79000000
1631435315.696836,180.72000000,180.79000000
1631435315.8326201,180.72000000,180.79000000
1631435315.897374,180.70000000,180.79000000
1631435315.9969459,180.70000000,180.79000000
1631435316.096273,180.69000000,180.79000000
1631435316.197618,180.68000000,180.78000000
1631435316.297806,180.68000000,180.79000000
1631435316.3975239,180.68000000,180.78000000
1631435316.498419,180.68000000,180.76000000
1631435316.599929,180.69000000,180.77000000
1631435316.697089,180.68000000,180.77000000
1631435316.7977622,180.68000000,180.77000000
1631435316.897213,180.69000000,180.77000000
1631435316.999053,180.69000000,180.77000000
1631435317.097329,180.69000000,180.77000000
1631435317.198434,180.68000000,180.77000000
1631435317.2982101,180.68000000,180.77000000
1631435317.3980439,180.68000000,180.77000000
1631435317.498764,180.68000000,180.77000000
1631435317.599304,180.68000000,180.77000000
1631435317.698487,180.68000000,180.75000000
1631435317.797934,180.68000000,180.74000000
1631435317.897696,180.68000000,180.74000000
1631435318.19904,180.68000000,180.74000000
1631435318.228692,180.68000000,180.74000000
1631435318.376416,180.68000000,180.74000000
1631435318.476253,180.68000000,180.74000000
1631435318.5764182,180.69000000,180.72000000
1631435318.676312,180.69000000,180.72000000
1631435318.8406599,180.69000000,180.72000000
1631435318.9072719,180.69000000,180.72000000
1631435319.085796,180.69000000,180.72000000
1631435319.191633,180.68000000,180.72000000
1631435319.286311,180.68000000,180.72000000
1631435319.384732,180.68000000,180.72000000
1631435319.4874072,180.68000000,180.72000000
1631435319.5860732,180.68000000,180.72000000
1631435319.686932,180.68000000,180.72000000
1631435319.786718,180.68000000,180.72000000
1631435319.961592,180.68000000,180.72000000
1631435320.0608158,180.68000000,180.72000000
1631435320.160832,180.68000000,180.72000000
1631435320.261549,180.68000000,180.72000000
1631435320.361057,180.68000000,180.72000000
1631435320.460035,180.68000000,180.72000000
1631435320.5610821,180.68000000,180.70000000
1631435320.661487,180.68000000,180.70000000
1631435320.7618828,180.68000000,180.69000000
1631435320.86182,180.68000000,180.69000000
1631435320.976397,180.68000000,180.69000000
1631435321.076407,180.68000000,180.69000000
1631435321.1618571,180.68000000,180.69000000
1631435321.2616918,180.68000000,180.69000000
1631435321.376406,180.68000000,180.69000000
1631435321.4765801,180.68000000,180.69000000
1631435321.5832372,180.68000000,180.69000000
1631435321.684452,180.68000000,180.69000000
1631435321.827023,180.68000000,180.69000000
1631435321.8930712,180.68000000,180.71000000
1631435321.988724,180.68000000,180.71000000
1631435322.08339,180.68000000,180.71000000
1631435322.193441,180.68000000,180.71000000
1631435322.283914,180.68000000,180.71000000
1631435322.38374,180.68000000,180.71000000
1631435322.48451,180.68000000,180.71000000
1631435322.583507,180.68000000,180.71000000
1631435322.684778,180.68000000,180.71000000
1631435322.792804,180.68000000,180.71000000
1631435322.883882,180.68000000,180.71000000
1631435322.985544,180.68000000,180.71000000
1631435323.0838568,180.68000000,180.71000000
1631435323.1904562,180.68000000,180.71000000
1631435323.284512,180.68000000,180.71000000
1631435323.384093,180.68000000,180.71000000
1631435323.4842129,180.68000000,180.71000000
1631435323.5847528,180.68000000,180.71000000
1631435323.684323,180.69000000,180.71000000
1631435323.785491,180.69000000,180.71000000
1631435323.885695,180.69000000,180.71000000
1631435323.985713,180.69000000,180.71000000
1631435324.0851269,180.70000000,180.76000000
1631435324.1905751,180.70000000,180.76000000
1631435324.285408,180.70000000,180.76000000
1631435324.386104,180.71000000,180.77000000
1631435324.4856079,180.72000000,180.77000000
1631435324.585514,180.72000000,180.77000000
1631435324.6933692,180.72000000,180.77000000
1631435324.828985,180.69000000,180.77000000
1631435324.890037,180.69000000,180.77000000
1631435324.986401,180.69000000,180.77000000
1631435325.0869539,180.69000000,180.75000000
1631435325.195725,180.69000000,180.75000000
1631435325.286773,180.68000000,180.71000000
1631435325.3865888,180.68000000,180.69000000
1631435325.486295,180.68000000,180.73000000
1631435325.5871701,180.68000000,180.73000000
1631435325.6869419,180.68000000,180.73000000
1631435325.787752,180.68000000,180.73000000
1631435325.8875678,180.68000000,180.73000000
1631435325.987017,180.68000000,180.73000000
1631435326.087583,180.68000000,180.73000000
1631435326.195914,180.68000000,180.73000000
1631435326.2892659,180.68000000,180.73000000
1631435326.3917692,180.68000000,180.73000000
1631435326.495153,180.68000000,180.74000000
1631435326.588219,180.68000000,180.73000000
1631435326.688193,180.68000000,180.73000000
1631435326.7882,180.68000000,180.73000000
1631435326.889312,180.68000000,180.73000000
1631435326.988999,180.68000000,180.71000000
1631435327.0892,180.68000000,180.71000000
1631435327.1896079,180.68000000,180.72000000
1631435327.29123,180.68000000,180.72000000
1631435327.390184,180.68000000,180.72000000
1631435327.4901571,180.68000000,180.72000000
1631435327.638338,180.68000000,180.71000000
1631435327.738923,180.68000000,180.70000000
1631435327.8582,180.68000000,180.70000000
1631435327.9472718,180.68000000,180.70000000
1631435328.044599,180.68000000,180.70000000
1631435328.139097,180.68000000,180.72000000
1631435328.238981,180.68000000,180.72000000
1631435328.3436642,180.68000000,180.72000000
1631435328.438962,180.68000000,180.72000000
1631435328.541306,180.70000000,180.72000000
1631435328.641328,180.70000000,180.72000000
1631435328.7444758,180.70000000,180.72000000
1631435328.839814,180.68000000,180.72000000
1631435328.939305,180.68000000,180.72000000
1631435329.0406241,180.68000000,180.72000000
1631435329.139599,180.68000000,180.72000000
1631435329.240502,180.68000000,180.72000000
1631435329.33953,180.68000000,180.72000000
1631435329.4411452,180.68000000,180.72000000
1631435329.539597,180.68000000,180.69000000
1631435329.640264,180.68000000,180.69000000
1631435329.839294,180.68000000,180.69000000
1631435329.941466,180.68000000,180.69000000
1631435330.040828,180.68000000,180.69000000
1631435330.143496,180.68000000,180.69000000
1631435330.240118,180.68000000,180.69000000
1631435330.343041,180.68000000,180.69000000
1631435330.4403808,180.68000000,180.69000000
1631435330.5403361,180.68000000,180.69000000
1631435330.642175,180.68000000,180.69000000
1631435330.7411032,180.68000000,180.69000000
1631435330.887649,180.63000000,180.69000000
1631435330.953726,180.63000000,180.69000000
1631435331.047054,180.64000000,180.71000000
1631435331.1450791,180.64000000,180.71000000
1631435331.249145,180.64000000,180.71000000
1631435331.349896,180.64000000,180.71000000
1631435331.4496891,180.64000000,180.71000000
1631435331.5503428,180.64000000,180.70000000
1631435331.649367,180.64000000,180.70000000
1631435331.750889,180.63000000,180.70000000
1631435331.850223,180.63000000,180.70000000
1631435331.952568,180.63000000,180.70000000
1631435332.052247,180.63000000,180.70000000
1631435332.2765539,180.63000000,180.70000000
1631435332.376508,180.63000000,180.70000000
1631435332.476515,180.65000000,180.71000000
1631435332.576548,180.65000000,180.71000000
1631435332.6765618,180.65000000,180.71000000
1631435332.776472,180.65000000,180.71000000
1631435332.8764522,180.65000000,180.71000000
1631435332.9765859,180.63000000,180.71000000
1631435333.076434,180.63000000,180.69000000
1631435333.176544,180.63000000,180.67000000
1631435333.2765398,180.63000000,180.67000000
1631435333.376671,180.63000000,180.67000000
1631435333.4736419,180.63000000,180.67000000
1631435333.573189,180.60000000,180.67000000
1631435333.673219,180.60000000,180.67000000
1631435333.774634,180.60000000,180.67000000
1631435333.878588,180.60000000,180.67000000
1631435333.983681,180.60000000,180.67000000
1631435334.073328,180.60000000,180.67000000
1631435334.19891,180.60000000,180.67000000
1631435334.298825,180.60000000,180.67000000
1631435334.3971,180.60000000,180.67000000
1631435334.497727,180.60000000,180.67000000
1631435334.598467,180.60000000,180.67000000
1631435334.723306,180.60000000,180.67000000
1631435334.8121028,180.53000000,180.65000000
1631435334.912847,180.53000000,180.64000000
1631435335.0128498,180.53000000,180.65000000
1631435335.112768,180.53000000,180.63000000
1631435335.2128031,180.54000000,180.62000000
1631435335.31309,180.54000000,180.59000000
1631435335.4127738,180.54000000,180.59000000
1631435335.512455,180.54000000,180.59000000
1631435335.623326,180.54000000,180.59000000
1631435335.7125828,180.54000000,180.59000000
1631435335.823426,180.54000000,180.59000000
1631435335.92343,180.54000000,180.59000000
1631435336.023322,180.54000000,180.59000000
1631435336.1233861,180.54000000,180.59000000
1631435336.2233112,180.54000000,180.59000000
1631435336.323275,180.54000000,180.63000000
1631435336.4126122,180.54000000,180.63000000
1631435336.5233228,180.54000000,180.63000000
1631435336.623311,180.54000000,180.63000000
1631435336.723279,180.54000000,180.63000000
1631435336.850558,180.54000000,180.63000000
1631435336.92435,180.54000000,180.63000000
1631435337.023283,180.54000000,180.63000000
1631435337.123275,180.54000000,180.61000000
1631435337.223325,180.54000000,180.59000000
1631435337.312879,180.54000000,180.59000000
1631435337.42324,180.54000000,180.58000000
1631435337.5232818,180.54000000,180.58000000
1631435337.612848,180.53000000,180.58000000
1631435337.723361,180.53000000,180.58000000
1631435337.823331,180.53000000,180.58000000
1631435337.9733062,180.53000000,180.58000000
1631435338.07325,180.53000000,180.58000000
1631435338.1732302,180.53000000,180.58000000
1631435338.2732658,180.53000000,180.64000000
1631435338.411236,180.53000000,180.64000000
1631435338.511877,180.53000000,180.64000000
1631435338.611669,180.53000000,180.64000000
1631435338.712416,180.53000000,180.64000000
1631435338.813045,180.53000000,180.63000000
1631435338.912534,180.53000000,180.64000000
1631435339.023326,180.53000000,180.63000000
1631435339.112281,180.53000000,180.64000000
1631435339.211403,180.56000000,180.67000000
1631435339.311774,180.59000000,180.69000000
1631435339.43666,180.63000000,180.69000000
1631435339.526691,180.64000000,180.70000000
1631435339.611066,180.64000000,180.70000000
1631435339.711827,180.61000000,180.70000000
1631435339.8606641,180.61000000,180.68000000
1631435339.9234219,180.56000000,180.68000000
1631435340.013163,180.56000000,180.67000000
1631435340.123414,180.56000000,180.68000000
1631435340.223304,180.56000000,180.67000000
1631435340.3234391,180.56000000,180.68000000
1631435340.411671,180.56000000,180.68000000
1631435340.511904,180.56000000,180.68000000
1631435340.623378,180.56000000,180.68000000
1631435340.71213,180.56000000,180.68000000
1631435340.812532,180.57000000,180.68000000
1631435340.912724,180.57000000,180.68000000
1631435341.012418,180.57000000,180.68000000
1631435341.112052,180.58000000,180.68000000
1631435341.223434,180.58000000,180.68000000
1631435341.323319,180.58000000,180.68000000
1631435341.412678,180.58000000,180.68000000
1631435341.5128498,180.60000000,180.68000000
1631435341.623378,180.62000000,180.68000000
1631435341.7233238,180.62000000,180.69000000
1631435341.8130062,180.62000000,180.69000000
1631435341.923367,180.62000000,180.69000000
1631435342.013054,180.62000000,180.70000000
1631435342.123383,180.62000000,180.70000000
1631435342.2232242,180.62000000,180.70000000
1631435342.32339,180.62000000,180.70000000
1631435342.4233768,180.62000000,180.70000000
1631435342.523403,180.62000000,180.70000000
1631435342.6233249,180.62000000,180.70000000
1631435342.723271,180.64000000,180.69000000
1631435342.873316,180.64000000,180.69000000
1631435342.923437,180.64000000,180.70000000
1631435343.023405,180.65000000,180.70000000
1631435343.123314,180.65000000,180.70000000
1631435343.223378,180.65000000,180.70000000
1631435343.323315,180.65000000,180.70000000
1631435343.423337,180.65000000,180.70000000
1631435343.523347,180.65000000,180.70000000
1631435343.624198,180.65000000,180.70000000
1631435343.7233438,180.65000000,180.70000000
1631435343.823318,180.64000000,180.70000000
1631435343.923368,180.66000000,180.70000000
1631435344.023349,180.66000000,180.70000000
1631435344.153085,180.66000000,180.70000000
1631435344.257501,180.63000000,180.70000000
1631435344.354972,180.63000000,180.70000000
1631435344.454067,180.63000000,180.70000000
1631435344.554128,180.63000000,180.68000000
1631435344.654165,180.62000000,180.68000000
1631435344.9298859,180.62000000,180.68000000
1631435344.973326,180.62000000,180.68000000
1631435345.073347,180.62000000,180.67000000
1631435345.173373,180.62000000,180.67000000
1631435345.27339,180.63000000,180.67000000
1631435345.3733969,180.62000000,180.67000000
1631435345.473393,180.62000000,180.67000000
1631435345.573389,180.62000000,180.67000000
1631435345.673383,180.62000000,180.67000000
1631435345.773516,180.62000000,180.67000000
1631435345.879667,180.60000000,180.65000000
1631435345.9733791,180.57000000,180.64000000
1631435346.073375,180.58000000,180.64000000
1631435346.223493,180.59000000,180.64000000
1631435346.36093,180.59000000,180.67000000
1631435346.373476,180.59000000,180.64000000
1631435346.4733472,180.69000000,180.70000000
1631435346.586315,180.69000000,180.70000000
1631435346.6752892,180.60000000,180.69000000
1631435346.7734241,180.60000000,180.69000000
1631435346.873442,180.61000000,180.69000000
1631435346.974402,180.61000000,180.69000000
1631435347.075391,180.61000000,180.69000000
1631435347.178358,180.63000000,180.71000000
1631435347.282071,180.63000000,180.71000000
1631435347.3734741,180.63000000,180.71000000
1631435347.474339,180.63000000,180.71000000
1631435347.5733812,180.67000000,180.71000000
1631435347.674633,180.70000000,180.71000000
1631435347.77358,180.71000000,180.72000000
1631435347.873375,180.71000000,180.72000000
1631435347.973525,180.71000000,180.72000000
1631435348.07351,180.71000000,180.72000000
1631435348.174561,180.70000000,180.72000000
1631435348.287607,180.70000000,180.72000000
1631435348.373656,180.70000000,180.72000000
1631435348.4740102,180.70000000,180.72000000
1631435348.575395,180.70000000,180.72000000
1631435348.674622,180.70000000,180.72000000
1631435348.7758,180.70000000,180.72000000
1631435348.898219,180.70000000,180.72000000
1631435348.980897,180.70000000,180.72000000
1631435349.0742311,180.70000000,180.72000000
1631435349.1738439,180.67000000,180.72000000
1631435349.276481,180.67000000,180.72000000
1631435349.382575,180.67000000,180.72000000
1631435349.509312,180.67000000,180.72000000
1631435349.5850282,180.67000000,180.72000000
1631435349.829942,180.67000000,180.72000000
1631435349.929672,180.70000000,180.72000000
1631435350.0300128,180.70000000,180.72000000
1631435350.1493912,180.70000000,180.72000000
1631435350.249772,180.70000000,180.72000000
1631435350.353806,180.70000000,180.72000000
1631435350.454923,180.70000000,180.72000000
1631435350.5500422,180.70000000,180.72000000
1631435350.695978,180.70000000,180.72000000
1631435350.852389,180.70000000,180.72000000
1631435350.951962,180.67000000,180.72000000
1631435351.051827,180.68000000,180.72000000
1631435351.152817,180.68000000,180.72000000
1631435351.252019,180.68000000,180.72000000
1631435351.353454,180.71000000,180.72000000
1631435351.4526458,180.71000000,180.72000000
1631435351.5534642,180.69000000,180.72000000
1631435351.687259,180.69000000,180.72000000
1631435351.7863622,180.69000000,180.72000000
1631435351.8937879,180.69000000,180.72000000
1631435351.992476,180.66000000,180.72000000
1631435352.0859258,180.66000000,180.72000000
1631435352.1866372,180.66000000,180.72000000
1631435352.3003058,180.66000000,180.72000000
1631435352.423546,180.66000000,180.72000000
1631435352.523574,180.66000000,180.72000000
1631435352.6133828,180.66000000,180.72000000
1631435352.723418,180.70000000,180.72000000
1631435352.823433,180.71000000,180.72000000
1631435352.923609,180.71000000,180.72000000
1631435353.023693,180.71000000,180.72000000
1631435353.1234372,180.71000000,180.72000000
1631435353.223493,180.67000000,180.72000000
1631435353.3235,180.67000000,180.72000000
1631435353.42358,180.67000000,180.72000000
1631435353.523516,180.67000000,180.72000000
1631435353.623486,180.67000000,180.72000000
1631435353.723552,180.67000000,180.72000000
1631435353.823463,180.67000000,180.72000000
1631435353.9234738,180.63000000,180.72000000
1631435354.0243819,180.63000000,180.70000000
1631435354.1235049,180.64000000,180.71000000
1631435354.2235498,180.64000000,180.71000000
1631435354.3239338,180.64000000,180.71000000
1631435354.4244192,180.64000000,180.71000000
1631435354.523563,180.63000000,180.71000000
1631435354.623456,180.63000000,180.71000000
1631435354.723465,180.64000000,180.71000000
1631435354.8735812,180.64000000,180.71000000
1631435354.9274209,180.63000000,180.66000000
1631435355.023581,180.63000000,180.66000000
1631435355.1255722,180.63000000,180.66000000
1631435355.2236118,180.65000000,180.66000000
1631435355.32355,180.65000000,180.66000000
1631435355.424138,180.65000000,180.72000000
1631435355.524287,180.65000000,180.72000000
1631435355.62657,180.64000000,180.72000000
1631435355.723926,180.63000000,180.72000000
1631435355.82407,180.64000000,180.72000000
1631435355.923944,180.64000000,180.72000000
1631435356.0243058,180.64000000,180.72000000
1631435356.1235142,180.65000000,180.72000000
1631435356.2267342,180.64000000,180.72000000
1631435356.324086,180.64000000,180.72000000
1631435356.425555,180.64000000,180.72000000
1631435356.525908,180.64000000,180.72000000
1631435356.63452,180.64000000,180.72000000
1631435356.7341561,180.65000000,180.71000000
1631435356.834325,180.65000000,180.70000000
1631435356.934918,180.65000000,180.70000000
1631435357.03592,180.64000000,180.70000000
1631435357.141185,180.64000000,180.70000000
1631435357.2406259,180.64000000,180.70000000
1631435357.343424,180.65000000,180.70000000
1631435357.441663,180.66000000,180.71000000
1631435357.5421429,180.66000000,180.71000000
1631435357.6421602,180.66000000,180.71000000
1631435357.741667,180.66000000,180.70000000
1631435357.8828852,180.64000000,180.70000000
1631435357.946336,180.64000000,180.70000000
1631435358.0427651,180.64000000,180.70000000
1631435358.141908,180.64000000,180.69000000
1631435358.2426891,180.64000000,180.68000000
1631435358.346792,180.64000000,180.68000000
1631435358.7542882,180.64000000,180.68000000
1631435358.7576902,180.63000000,180.68000000
1631435358.838594,180.55000000,180.66000000
1631435358.9385312,180.55000000,180.65000000
1631435359.03852,180.55000000,180.65000000
1631435359.138774,180.55000000,180.65000000
1631435359.240153,180.54000000,180.65000000
1631435359.338882,180.54000000,180.65000000
1631435359.7776608,180.54000000,180.65000000
1631435359.78129,180.54000000,180.65000000
1631435359.824058,180.55000000,180.65000000
1631435359.924746,180.55000000,180.65000000
1631435360.024223,180.55000000,180.65000000
1631435360.124375,180.55000000,180.65000000
1631435360.223961,180.55000000,180.65000000
1631435360.325067,180.55000000,180.66000000
1631435360.423846,180.55000000,180.64000000
1631435360.5244741,180.58000000,180.64000000
1631435360.6253288,180.57000000,180.64000000
1631435360.724925,180.57000000,180.64000000
1631435360.824857,180.54000000,180.64000000
1631435360.950135,180.54000000,180.62000000
1631435361.0271628,180.53000000,180.57000000
1631435361.127021,180.53000000,180.57000000
1631435361.227524,180.53000000,180.57000000
1631435361.327682,180.53000000,180.57000000
1631435361.430799,180.53000000,180.62000000
1631435361.6007,180.53000000,180.62000000
1631435361.7023711,180.53000000,180.62000000
1631435361.800885,180.53000000,180.62000000
1631435361.901856,180.53000000,180.62000000
1631435362.001313,180.53000000,180.62000000
1631435362.101284,180.53000000,180.62000000
1631435362.201719,180.54000000,180.62000000
1631435362.30955,180.54000000,180.62000000
1631435362.401231,180.54000000,180.62000000
1631435362.504144,180.54000000,180.62000000
1631435362.602462,180.54000000,180.62000000
1631435362.702286,180.53000000,180.59000000
1631435362.8016262,180.58000000,180.65000000
1631435362.902014,180.61000000,180.65000000
1631435363.0047202,180.63000000,180.69000000
1631435363.102782,180.65000000,180.67000000
1631435363.202976,180.57000000,180.67000000
1631435363.310273,180.57000000,180.67000000
1631435363.402407,180.57000000,180.67000000
1631435363.502576,180.57000000,180.67000000
1631435363.642637,180.57000000,180.67000000
1631435363.743335,180.57000000,180.67000000
1631435363.900886,180.57000000,180.67000000
1631435363.959063,180.57000000,180.67000000
1631435364.045951,180.57000000,180.67000000
1631435364.14341,180.61000000,180.67000000
1631435364.243284,180.62000000,180.67000000
1631435364.345006,180.62000000,180.67000000
1631435364.444555,180.62000000,180.69000000
1631435364.5471082,180.62000000,180.69000000
1631435364.661637,180.62000000,180.69000000
1631435364.744529,180.62000000,180.69000000
1631435364.844469,180.62000000,180.69000000
1631435364.9447958,180.62000000,180.69000000
1631435365.044634,180.58000000,180.69000000
1631435365.144376,180.59000000,180.69000000
1631435365.244364,180.60000000,180.69000000
1631435365.344129,180.59000000,180.69000000
1631435365.444752,180.59000000,180.69000000
1631435365.6253161,180.59000000,180.68000000
1631435365.724852,180.59000000,180.67000000
1631435365.825196,180.57000000,180.67000000
1631435365.930353,180.56000000,180.67000000
1631435366.025065,180.53000000,180.65000000
1631435366.125141,180.53000000,180.65000000
1631435366.2251961,180.55000000,180.65000000
1631435366.331889,180.56000000,180.65000000
1631435366.430685,180.57000000,180.65000000
1631435366.525594,180.60000000,180.65000000
1631435366.6245492,180.60000000,180.65000000
1631435366.727764,180.56000000,180.65000000
1631435366.825948,180.56000000,180.65000000
1631435366.946697,180.56000000,180.65000000
1631435367.026093,180.56000000,180.65000000
1631435367.126178,180.58000000,180.65000000
1631435367.225434,180.59000000,180.65000000
1631435367.33073,180.56000000,180.65000000
1631435367.4521222,180.56000000,180.65000000
1631435367.5253718,180.56000000,180.65000000
1631435367.626483,180.56000000,180.65000000
1631435367.725507,180.57000000,180.63000000
1631435367.8270211,180.57000000,180.63000000
1631435367.9269829,180.57000000,180.63000000
1631435368.027516,180.59000000,180.65000000
1631435368.126546,180.59000000,180.65000000
1631435368.227214,180.57000000,180.65000000
1631435368.334274,180.57000000,180.65000000
1631435368.426145,180.58000000,180.65000000
1631435368.526863,180.59000000,180.65000000
1631435368.634349,180.60000000,180.65000000
1631435368.8253188,180.60000000,180.65000000
1631435368.926017,180.60000000,180.65000000
1631435369.027044,180.60000000,180.65000000
1631435369.1257422,180.60000000,180.65000000
1631435369.7134368,180.60000000,180.65000000
1631435369.720364,180.60000000,180.65000000
1631435369.720937,180.60000000,180.65000000
1631435369.72148,180.60000000,180.68000000
1631435369.773773,180.61000000,180.68000000
1631435369.9204302,180.61000000,180.68000000
1631435369.974823,180.61000000,180.68000000
1631435370.0750709,180.61000000,180.68000000
1631435370.173347,180.56000000,180.64000000
1631435370.275079,180.57000000,180.62000000
1631435370.373951,180.59000000,180.67000000
1631435370.4739552,180.58000000,180.67000000
1631435370.575042,180.58000000,180.67000000
1631435370.67503,180.59000000,180.67000000
1631435370.7753541,180.59000000,180.67000000
1631435370.875032,180.59000000,180.67000000
1631435370.9772842,180.59000000,180.67000000
1631435371.078829,180.61000000,180.67000000
1631435371.180692,180.61000000,180.67000000
1631435371.27828,180.61000000,180.67000000
1631435371.382536,180.61000000,180.67000000
1631435371.482881,180.61000000,180.69000000
1631435371.5832589,180.62000000,180.69000000
1631435371.686988,180.63000000,180.69000000
1631435371.783723,180.62000000,180.69000000
1631435371.884526,180.61000000,180.69000000
1631435371.9837859,180.62000000,180.69000000
1631435372.083495,180.62000000,180.69000000
1631435372.1833222,180.61000000,180.69000000
1631435372.2832892,180.61000000,180.69000000
1631435372.384109,180.63000000,180.69000000
1631435372.484869,180.63000000,180.69000000
1631435372.585129,180.64000000,180.69000000
1631435372.685466,180.65000000,180.69000000
1631435372.783961,180.65000000,180.69000000
1631435372.930563,180.67000000,180.70000000
1631435372.989084,180.68000000,180.70000000
1631435373.085307,180.68000000,180.70000000
1631435373.18765,180.68000000,180.70000000
1631435373.290177,180.66000000,180.70000000
1631435373.3850272,180.66000000,180.70000000
1631435373.4850738,180.66000000,180.70000000
1631435373.7074509,180.66000000,180.70000000
1631435373.80812,180.66000000,180.70000000
1631435373.910176,180.65000000,180.70000000
1631435374.008561,180.62000000,180.67000000
1631435374.120492,180.63000000,180.69000000
1631435374.2122922,180.65000000,180.69000000
1631435374.31168,180.65000000,180.69000000
1631435374.4082701,180.65000000,180.69000000
1631435374.531866,180.61000000,180.69000000
1631435374.6320362,180.62000000,180.69000000
1631435374.732075,180.62000000,180.69000000
1631435374.8319008,180.62000000,180.69000000
1631435374.9319072,180.62000000,180.69000000
1631435375.03742,180.64000000,180.70000000
1631435375.1376698,180.68000000,180.70000000
1631435375.238053,180.69000000,180.72000000
1631435375.348883,180.69000000,180.72000000
1631435375.446558,180.69000000,180.72000000
1631435375.5438988,180.72000000,180.81000000
1631435375.638158,180.75000000,180.81000000
1631435375.7377,180.72000000,180.81000000
1631435375.911863,180.72000000,180.81000000
1631435375.9759328,180.69000000,180.81000000
1631435376.041685,180.69000000,180.81000000
1631435376.137627,180.69000000,180.81000000
1631435376.238135,180.69000000,180.81000000
1631435376.370519,180.71000000,180.81000000
1631435376.438525,180.72000000,180.81000000
1631435376.537803,180.72000000,180.81000000
1631435376.63796,180.72000000,180.81000000
1631435376.737969,180.71000000,180.81000000
1631435376.838027,180.73000000,180.81000000
1631435376.938154,180.73000000,180.81000000
1631435377.039136,180.73000000,180.81000000
1631435377.137567,180.73000000,180.80000000
1631435377.238194,180.73000000,180.80000000
1631435377.354225,180.73000000,180.80000000
1631435377.437848,180.73000000,180.80000000
1631435377.538215,180.73000000,180.80000000
1631435377.639076,180.73000000,180.80000000
1631435377.738732,180.75000000,180.80000000
1631435377.838445,180.76000000,180.81000000
1631435377.9381912,180.76000000,180.81000000
1631435378.038435,180.76000000,180.86000000
1631435378.1380439,180.79000000,180.85000000
1631435378.238498,180.79000000,180.85000000
1631435378.3386261,180.79000000,180.85000000
1631435378.442399,180.79000000,180.85000000
1631435378.5405922,180.79000000,180.85000000
1631435378.638858,180.82000000,180.92000000
1631435378.738702,180.87000000,180.97000000
1631435378.840541,180.91000000,180.97000000
1631435378.9720619,180.93000000,180.97000000
1631435379.039826,180.83000000,180.95000000
1631435379.1393259,180.83000000,180.93000000
1631435379.239291,180.85000000,180.93000000
1631435379.339835,180.85000000,180.93000000
1631435379.440351,180.88000000,180.93000000
1631435379.540359,180.88000000,180.93000000
1631435379.645749,180.88000000,180.93000000
1631435379.743059,180.84000000,180.93000000
1631435379.844768,180.86000000,180.94000000
1631435379.939865,180.88000000,180.94000000
1631435380.03966,180.88000000,180.94000000
1631435380.1392379,180.88000000,180.94000000
1631435380.239648,180.88000000,180.94000000
1631435380.339705,180.86000000,180.94000000
1631435380.440156,180.86000000,180.94000000
1631435380.5406148,180.86000000,180.94000000
1631435380.639796,180.86000000,180.94000000
1631435380.780706,180.86000000,180.94000000
1631435380.880662,180.88000000,180.94000000
1631435380.982711,180.88000000,180.94000000
1631435381.082647,180.86000000,180.94000000
1631435381.183726,180.86000000,180.94000000
1631435381.2833421,180.86000000,180.94000000
1631435381.383035,180.86000000,180.94000000
1631435381.4840949,180.86000000,180.94000000
1631435381.586693,180.86000000,180.96000000
1631435381.687865,180.86000000,180.94000000
1631435381.783328,180.86000000,180.97000000
1631435381.933889,180.86000000,180.98000000
1631435381.986785,180.86000000,180.97000000
1631435382.083694,180.86000000,180.96000000
1631435382.184295,180.86000000,180.96000000
1631435382.284873,180.86000000,180.96000000
1631435382.38665,180.86000000,180.96000000
1631435382.486912,180.88000000,180.97000000
1631435382.586081,180.92000000,180.99000000
1631435382.687088,180.93000000,180.98000000
1631435382.8036962,180.93000000,180.98000000
1631435382.920686,180.93000000,180.98000000
1631435383.011791,180.93000000,180.98000000
1631435383.111979,180.93000000,180.98000000
1631435383.2104142,180.93000000,180.98000000
1631435383.312484,180.93000000,180.98000000
1631435383.420794,180.93000000,180.98000000
1631435383.5207381,180.96000000,181.00000000
1631435383.611923,180.96000000,181.00000000
1631435383.7126641,180.96000000,181.00000000
1631435383.811896,180.96000000,181.00000000
1631435383.9128478,180.96000000,181.00000000
1631435384.012301,180.96000000,181.00000000
1631435384.111682,180.96000000,181.00000000
1631435384.2120278,180.98000000,181.00000000
1631435384.313431,180.98000000,181.00000000
1631435384.413171,180.98000000,181.00000000
1631435384.52067,180.98000000,181.00000000
1631435384.687836,180.98000000,181.00000000
1631435384.782382,180.98000000,181.00000000
1631435384.937563,180.98000000,181.00000000
1631435384.990041,180.96000000,181.00000000
1631435385.085967,180.97000000,181.00000000
1631435385.189017,180.98000000,181.00000000
1631435385.284662,180.98000000,181.00000000
1631435385.3870022,180.93000000,180.98000000
1631435385.4836512,180.93000000,181.00000000
1631435385.5828118,180.94000000,180.99000000
1631435385.6974049,180.95000000,181.00000000
1631435385.783819,180.96000000,180.98000000
1631435385.8885381,180.96000000,180.98000000
1631435385.9885068,180.96000000,180.99000000
1631435386.084234,180.91000000,180.99000000
1631435386.184212,180.91000000,180.98000000
1631435386.2843,180.91000000,180.98000000
1631435386.388812,180.91000000,180.98000000
1631435386.48457,180.91000000,180.98000000
1631435386.5840158,180.91000000,180.97000000
1631435386.686432,180.91000000,180.97000000
1631435386.799104,180.91000000,180.97000000
1631435386.898991,180.91000000,180.97000000
1631435386.998349,180.91000000,180.97000000
1631435387.097708,180.91000000,180.95000000
1631435387.198355,180.88000000,180.93000000
1631435387.2985759,180.88000000,180.93000000
1631435387.399874,180.88000000,180.94000000
1631435387.499927,180.88000000,180.94000000
1631435387.603555,180.88000000,180.94000000
1631435387.7006028,180.90000000,180.94000000
1631435387.803204,180.90000000,180.94000000
1631435387.953399,180.90000000,180.94000000
1631435388.007062,180.90000000,180.94000000
1631435388.102634,180.91000000,180.94000000
1631435388.202241,180.93000000,180.94000000
1631435388.303189,180.92000000,180.94000000
1631435388.405143,180.92000000,180.94000000
1631435388.5018828,180.92000000,180.94000000
1631435388.639759,180.92000000,180.94000000
1631435388.759815,180.92000000,180.94000000
1631435388.859618,180.86000000,180.93000000
1631435388.990367,180.86000000,180.93000000
1631435389.092146,180.86000000,180.93000000
1631435389.191473,180.86000000,180.93000000
1631435389.292382,180.86000000,180.93000000
1631435389.397108,180.86000000,180.93000000
1631435389.492018,180.86000000,180.93000000
1631435389.592795,180.86000000,180.93000000
1631435389.692835,180.86000000,180.93000000
1631435389.7918699,180.87000000,180.93000000
1631435389.892162,180.88000000,180.93000000
1631435389.996917,180.88000000,180.94000000
1631435390.0937128,180.85000000,180.94000000
1631435390.19276,180.85000000,180.94000000
1631435390.324089,180.85000000,180.94000000
1631435390.424051,180.87000000,180.94000000
1631435390.524,180.87000000,180.94000000
1631435390.623959,180.85000000,180.94000000
1631435390.723976,180.85000000,180.94000000
1631435390.8240051,180.85000000,180.94000000
1631435390.97405,180.86000000,180.94000000
1631435391.023964,180.87000000,180.94000000
1631435391.124,180.86000000,180.94000000
1631435391.224001,180.84000000,180.94000000
1631435391.324078,180.84000000,180.94000000
1631435391.424153,180.84000000,180.94000000
1631435391.5240362,180.84000000,180.94000000
1631435391.674119,180.84000000,180.94000000
1631435391.826136,180.84000000,180.94000000
1631435391.927356,180.85000000,180.94000000
1631435392.0239758,180.85000000,180.94000000
1631435392.1240408,180.85000000,180.94000000
1631435392.224023,180.86000000,180.94000000
1631435392.323978,180.86000000,180.94000000
1631435392.751223,180.86000000,180.94000000
1631435392.755002,180.87000000,180.94000000
1631435392.75562,180.87000000,180.92000000
1631435392.8500621,180.87000000,180.92000000
1631435392.974049,180.87000000,180.92000000
1631435393.0956118,180.87000000,180.92000000
1631435393.195519,180.87000000,180.92000000
1631435393.400094,180.87000000,180.92000000
1631435393.5740852,180.87000000,180.92000000
1631435393.725016,180.87000000,180.92000000
1631435393.824018,180.87000000,180.92000000
1631435393.952965,180.87000000,180.92000000
1631435394.0247822,180.87000000,180.92000000
1631435394.1242921,180.87000000,180.92000000
1631435394.3240929,180.87000000,180.92000000
1631435394.424169,180.87000000,180.92000000
1631435394.553776,180.87000000,180.92000000
1631435394.624058,180.89000000,180.92000000
1631435394.73062,180.89000000,180.92000000
1631435394.84262,180.89000000,180.92000000
1631435394.942736,180.89000000,180.92000000
1631435395.043455,180.89000000,180.94000000
1631435395.142064,180.90000000,180.94000000
1631435395.241788,180.90000000,180.94000000
1631435395.342421,180.90000000,180.94000000
1631435395.442635,180.90000000,180.94000000
1631435395.542986,180.89000000,180.94000000
1631435395.6476002,180.89000000,180.94000000
1631435395.747825,180.89000000,180.94000000
1631435395.847796,180.89000000,180.94000000
1631435395.948292,180.89000000,180.94000000
1631435396.047282,180.89000000,180.95000000
1631435396.148318,180.89000000,180.96000000
1631435396.308595,180.89000000,180.96000000
1631435396.424074,180.89000000,180.96000000
1631435396.50848,180.89000000,180.96000000
1631435396.6088672,180.89000000,180.96000000
1631435396.709174,180.91000000,180.96000000
1631435396.809991,180.91000000,180.96000000
1631435396.954442,180.91000000,180.96000000
1631435397.0108979,180.85000000,180.96000000
1631435397.111028,180.87000000,180.96000000
1631435397.2130098,180.89000000,180.96000000
1631435397.313739,180.89000000,180.96000000
1631435397.42516,180.89000000,180.96000000
1631435397.5108,180.89000000,180.96000000
1631435397.612704,180.89000000,180.96000000
1631435397.7115688,180.90000000,180.96000000
1631435397.834827,180.90000000,180.96000000
1631435397.934884,180.90000000,180.96000000
1631435398.0351949,180.90000000,180.96000000
1631435398.137507,180.90000000,180.96000000
1631435398.23533,180.90000000,180.96000000
1631435398.3347242,180.87000000,180.96000000
1631435398.4346979,180.86000000,180.94000000
1631435398.535736,180.86000000,180.91000000
1631435398.6360161,180.86000000,180.91000000
1631435398.73496,180.86000000,180.91000000
1631435398.835349,180.86000000,180.91000000
1631435398.9365141,180.85000000,180.91000000
1631435399.035338,180.86000000,180.91000000
1631435399.137769,180.87000000,180.91000000
1631435399.2365482,180.87000000,180.94000000
1631435399.336957,180.87000000,180.94000000
1631435399.4511209,180.87000000,180.94000000
1631435399.544747,180.86000000,180.90000000
1631435399.674252,180.86000000,180.89000000
1631435399.791338,180.86000000,180.89000000
1631435399.9045749,180.86000000,180.89000000
1631435399.987745,180.86000000,180.89000000
1631435400.0374038,180.86000000,180.89000000
1631435400.136331,180.86000000,180.89000000
1631435400.237565,180.87000000,180.89000000
1631435400.337271,180.87000000,180.92000000
1631435400.442291,180.87000000,180.93000000
1631435400.5390909,180.87000000,180.96000000
1631435400.636936,180.87000000,180.96000000
1631435400.737428,180.89000000,180.96000000
1631435400.83842,180.92000000,180.96000000
1631435400.939074,180.92000000,180.97000000
1631435401.042827,180.92000000,180.97000000
1631435401.1378078,180.92000000,180.97000000
1631435401.238271,180.92000000,180.97000000
1631435401.3376992,180.92000000,180.97000000
1631435401.4622269,180.92000000,180.97000000
1631435401.537196,180.92000000,180.97000000
1631435401.6378691,180.94000000,181.00000000
1631435401.738626,180.96000000,181.05000000
1631435401.838294,180.98000000,181.06000000
1631435401.95237,181.05000000,181.07000000
1631435402.0378938,181.06000000,181.09000000
1631435402.138023,181.06000000,181.09000000
1631435402.23731,181.04000000,181.08000000
1631435402.337548,181.05000000,181.10000000
1631435402.4756339,181.05000000,181.10000000
1631435402.540951,181.04000000,181.10000000
1631435402.63906,181.05000000,181.10000000
1631435402.738209,181.06000000,181.10000000
1631435402.838351,181.06000000,181.10000000
1631435403.026398,181.06000000,181.12000000
1631435403.074135,181.06000000,181.12000000
1631435403.142525,181.06000000,181.12000000
1631435403.238925,181.11000000,181.14000000
1631435403.338697,181.13000000,181.15000000
1631435403.475116,181.13000000,181.16000000
1631435403.53851,181.13000000,181.18000000
1631435403.638897,181.13000000,181.20000000
1631435403.7393768,181.13000000,181.20000000
1631435403.83868,181.17000000,181.20000000
1631435403.938934,181.12000000,181.19000000
1631435404.0388422,181.14000000,181.20000000
1631435404.1396859,181.18000000,181.20000000
1631435404.2397969,181.18000000,181.20000000
1631435404.3385768,181.17000000,181.20000000
1631435404.4752362,181.18000000,181.20000000
1631435404.5396428,181.18000000,181.20000000
1631435404.638769,181.18000000,181.20000000
1631435404.739326,181.18000000,181.20000000
1631435404.8385239,181.14000000,181.20000000
1631435404.939103,181.17000000,181.20000000
1631435405.039158,181.17000000,181.20000000
1631435405.14593,181.17000000,181.20000000
1631435405.2400901,181.19000000,181.20000000
1631435405.344341,181.19000000,181.20000000
1631435405.476276,181.20000000,181.21000000
1631435405.5390642,181.20000000,181.22000000
1631435405.638966,181.20000000,181.22000000
1631435405.739915,181.20000000,181.22000000
1631435405.840352,181.20000000,181.22000000
1631435406.04777,181.20000000,181.22000000
1631435406.096873,181.20000000,181.28000000
1631435406.150949,181.20000000,181.26000000
1631435406.240604,181.20000000,181.28000000
1631435406.339689,181.24000000,181.28000000
1631435406.474494,181.26000000,181.28000000
1631435406.540475,181.26000000,181.28000000
1631435406.640345,181.26000000,181.28000000
1631435406.740513,181.26000000,181.28000000
1631435406.84235,181.26000000,181.28000000
1631435406.940151,181.24000000,181.28000000
1631435407.042942,181.21000000,181.28000000
1631435407.140773,181.21000000,181.28000000
1631435407.24066,181.21000000,181.28000000
1631435407.342067,181.22000000,181.27000000
1631435407.474237,181.20000000,181.27000000
1631435407.5405939,181.21000000,181.26000000
1631435407.6411462,181.21000000,181.27000000
1631435407.742176,181.20000000,181.23000000
1631435407.840801,181.11000000,181.21000000
1631435407.9421802,181.12000000,181.20000000
1631435408.04143,181.09000000,181.14000000
1631435408.142015,181.09000000,181.14000000
1631435408.242367,181.09000000,181.14000000
1631435408.34165,181.10000000,181.14000000
1631435408.474435,181.10000000,181.18000000
1631435408.540834,181.11000000,181.18000000
1631435408.643766,181.11000000,181.18000000
1631435408.742665,181.11000000,181.18000000
1631435408.844464,181.11000000,181.18000000
1631435409.0298922,181.11000000,181.23000000
1631435409.0605628,181.11000000,181.20000000
1631435409.143202,181.10000000,181.19000000
1631435409.2444532,181.10000000,181.19000000
1631435409.342685,181.10000000,181.20000000
1631435409.45989,181.10000000,181.20000000
1631435409.542946,181.10000000,181.20000000
1631435409.643094,181.12000000,181.21000000
1631435409.745762,181.17000000,181.22000000
1631435409.8532648,181.17000000,181.22000000
1631435409.94274,181.17000000,181.22000000
1631435410.04338,181.17000000,181.18000000
1631435410.143232,181.12000000,181.18000000
1631435410.2441201,181.12000000,181.21000000
1631435410.34591,181.12000000,181.21000000
1631435410.463279,181.14000000,181.22000000
1631435410.543691,181.15000000,181.23000000
1631435410.643827,181.15000000,181.23000000
1631435410.7448802,181.15000000,181.23000000
1631435410.843978,181.15000000,181.23000000
1631435410.943813,181.15000000,181.23000000
1631435411.0446668,181.16000000,181.23000000
1631435411.144238,181.16000000,181.23000000
1631435411.2452328,181.16000000,181.23000000
1631435411.3478458,181.16000000,181.23000000
1631435411.4744031,181.16000000,181.23000000
1631435411.544956,181.15000000,181.20000000
1631435411.651925,181.06000000,181.18000000
1631435411.999464,181.06000000,181.17000000
1631435412.064072,181.07000000,181.17000000
1631435412.1309912,181.07000000,181.16000000
1631435412.230674,181.15000000,181.16000000
1631435412.332444,181.15000000,181.16000000
1631435412.4304378,181.15000000,181.18000000
1631435412.531821,181.15000000,181.18000000
1631435412.632181,181.10000000,181.18000000
1631435412.731272,181.08000000,181.18000000
1631435412.831282,181.08000000,181.17000000
1631435412.9304729,181.08000000,181.18000000
1631435413.030936,181.10000000,181.21000000
1631435413.132993,181.12000000,181.20000000
1631435413.231442,181.19000000,181.26000000
1631435413.332155,181.22000000,181.28000000
1631435413.431822,181.19000000,181.28000000
1631435413.535725,181.20000000,181.28000000
1631435413.6363788,181.20000000,181.28000000
1631435413.732175,181.20000000,181.28000000
1631435413.832714,181.20000000,181.28000000
1631435413.931937,181.20000000,181.28000000
1631435414.031318,181.18000000,181.24000000
1631435414.1320162,181.17000000,181.23000000
1631435414.2320518,181.17000000,181.24000000
1631435414.332,181.17000000,181.26000000
1631435414.4359858,181.17000000,181.26000000
1631435414.531851,181.17000000,181.26000000
1631435414.6322198,181.17000000,181.26000000
1631435414.7340028,181.17000000,181.26000000
1631435414.8330722,181.17000000,181.20000000
1631435414.988071,181.17000000,181.20000000
1631435415.034692,181.17000000,181.28000000
1631435415.132786,181.18000000,181.28000000
1631435415.234862,181.21000000,181.28000000
1631435415.333627,181.21000000,181.28000000
1631435415.433099,181.21000000,181.28000000
1631435415.532914,181.21000000,181.26000000
1631435415.632859,181.21000000,181.26000000
1631435415.73336,181.20000000,181.26000000
1631435415.878654,181.20000000,181.26000000
1631435415.933271,181.20000000,181.26000000
1631435416.032983,181.20000000,181.28000000
1631435416.149496,181.20000000,181.28000000
1631435416.2493591,181.20000000,181.28000000
1631435416.349092,181.20000000,181.28000000
1631435416.477775,181.20000000,181.28000000
1631435416.550108,181.20000000,181.28000000
1631435416.648797,181.21000000,181.28000000
1631435416.753417,181.22000000,181.28000000
1631435416.849819,181.22000000,181.28000000
1631435416.9489229,181.22000000,181.28000000
1631435417.0500648,181.24000000,181.30000000
1631435417.150465,181.25000000,181.30000000
1631435417.249706,181.26000000,181.32000000
1631435417.351861,181.27000000,181.32000000
1631435417.47973,181.29000000,181.34000000
1631435417.5532029,181.29000000,181.34000000
1631435417.650296,181.30000000,181.34000000
1631435417.750688,181.31000000,181.34000000
1631435417.8499799,181.31000000,181.34000000
1631435418.027863,181.30000000,181.32000000
1631435418.077806,181.29000000,181.34000000
1631435418.1554718,181.31000000,181.35000000
1631435418.249697,181.31000000,181.35000000
1631435418.3517592,181.31000000,181.36000000
1631435418.477819,181.31000000,181.36000000
1631435418.552214,181.31000000,181.38000000
1631435418.6550431,181.31000000,181.38000000
1631435418.750428,181.33000000,181.38000000
1631435418.85242,181.33000000,181.38000000
1631435418.9505558,181.33000000,181.38000000
1631435419.052659,181.33000000,181.38000000
1631435419.150614,181.33000000,181.38000000
1631435419.2501838,181.33000000,181.38000000
1631435419.350875,181.33000000,181.38000000
1631435419.483092,181.34000000,181.38000000
1631435419.551372,181.38000000,181.41000000
1631435419.650194,181.39000000,181.41000000
1631435419.750258,181.39000000,181.42000000
1631435419.8507872,181.40000000,181.43000000
1631435419.950918,181.40000000,181.42000000
1631435420.05198,181.34000000,181.41000000
1631435420.1505752,181.34000000,181.41000000
1631435420.251924,181.36000000,181.43000000
1631435420.350744,181.39000000,181.43000000
1631435420.477878,181.39000000,181.43000000
1631435420.550926,181.37000000,181.43000000
1631435420.650629,181.40000000,181.43000000
1631435420.750766,181.40000000,181.43000000
1631435420.851362,181.40000000,181.43000000
1631435421.053718,181.33000000,181.43000000
1631435421.101703,181.44000000,181.45000000
1631435421.163998,181.44000000,181.45000000
1631435421.2530591,181.44000000,181.46000000
1631435421.350365,181.44000000,181.46000000
1631435421.4886231,181.45000000,181.46000000
1631435421.561237,181.45000000,181.46000000
1631435421.652033,181.45000000,181.47000000
1631435421.7537699,181.45000000,181.48000000
1631435421.8518221,181.45000000,181.49000000
1631435421.952172,181.45000000,181.49000000
1631435422.051768,181.45000000,181.49000000
1631435422.1551301,181.45000000,181.49000000
1631435422.251441,181.45000000,181.49000000
1631435422.351698,181.45000000,181.49000000
1631435422.497441,181.47000000,181.49000000
1631435422.577714,181.48000000,181.49000000
1631435422.651131,181.48000000,181.49000000
1631435422.7530198,181.48000000,181.49000000
1631435422.853248,181.48000000,181.49000000
1631435422.9557052,181.48000000,181.49000000
1631435423.0577862,181.48000000,181.49000000
1631435423.177739,181.48000000,181.49000000
1631435423.262534,181.48000000,181.49000000
1631435423.356843,181.48000000,181.49000000
1631435423.499596,181.48000000,181.49000000
1631435423.5622761,181.48000000,181.49000000
1631435423.659807,181.48000000,181.49000000
1631435423.760273,181.48000000,181.49000000
1631435423.860377,181.48000000,181.49000000
1631435424.097335,181.48000000,181.49000000
1631435424.143819,181.48000000,181.49000000
1631435424.20259,181.45000000,181.49000000
1631435424.277934,181.45000000,181.49000000
1631435424.377834,181.45000000,181.49000000
1631435424.4973838,181.45000000,181.49000000
1631435424.5779562,181.45000000,181.49000000
1631435424.678102,181.44000000,181.49000000
1631435424.777786,181.44000000,181.49000000
1631435424.877829,181.44000000,181.49000000
1631435424.978048,181.39000000,181.47000000
1631435425.077777,181.39000000,181.45000000
1631435425.1778839,181.40000000,181.44000000
1631435425.2779279,181.40000000,181.45000000
1631435425.378007,181.40000000,181.45000000
1631435425.4904032,181.40000000,181.45000000
1631435425.577889,181.40000000,181.45000000
1631435425.677971,181.40000000,181.45000000
1631435425.777953,181.40000000,181.49000000
1631435425.8777971,181.40000000,181.48000000
1631435425.97775,181.40000000,181.48000000
1631435426.0779421,181.46000000,181.47000000
1631435426.1779149,181.47000000,181.49000000
1631435426.277845,181.48000000,181.49000000
1631435426.377769,181.48000000,181.49000000
1631435426.494758,181.41000000,181.47000000
1631435426.577812,181.41000000,181.47000000
1631435426.678043,181.39000000,181.43000000
1631435426.777907,181.36000000,181.41000000
1631435426.877824,181.40000000,181.41000000
1631435427.059793,181.36000000,181.41000000
1631435427.105419,181.35000000,181.40000000
1631435427.1779652,181.35000000,181.37000000
1631435427.277878,181.33000000,181.36000000
1631435427.377825,181.33000000,181.34000000
1631435427.503041,181.32000000,181.34000000
1631435427.578944,181.32000000,181.33000000
1631435427.677881,181.32000000,181.33000000
1631435427.777856,181.32000000,181.40000000
1631435427.877832,181.32000000,181.40000000
1631435427.97806,181.32000000,181.41000000
1631435428.077833,181.35000000,181.40000000
1631435428.177839,181.35000000,181.40000000
1631435428.278003,181.35000000,181.40000000
1631435428.377861,181.35000000,181.40000000
1631435428.493935,181.35000000,181.40000000
1631435428.578027,181.35000000,181.40000000
1631435428.6778839,181.35000000,181.40000000
1631435428.777798,181.35000000,181.40000000
1631435428.877793,181.35000000,181.40000000
1631435428.9779782,181.35000000,181.40000000
1631435429.078202,181.36000000,181.41000000
1631435429.177983,181.40000000,181.41000000
1631435429.278056,181.40000000,181.41000000
1631435429.377789,181.40000000,181.41000000
1631435429.4948459,181.40000000,181.41000000
1631435429.577843,181.41000000,181.44000000
1631435429.6778738,181.41000000,181.44000000
1631435429.7779431,181.41000000,181.44000000
1631435429.8778508,181.41000000,181.46000000
1631435430.050555,181.41000000,181.46000000
1631435430.0830069,181.41000000,181.46000000
1631435430.177835,181.43000000,181.46000000
1631435430.2778938,181.42000000,181.46000000
1631435430.377868,181.42000000,181.46000000
1631435430.4965389,181.42000000,181.46000000
1631435430.577945,181.42000000,181.46000000
1631435430.6779351,181.44000000,181.49000000
1631435430.7778869,181.44000000,181.49000000
1631435430.8787682,181.48000000,181.49000000
1631435430.9778612,181.48000000,181.49000000
1631435431.077991,181.48000000,181.49000000
1631435431.177875,181.48000000,181.49000000
1631435431.2787998,181.48000000,181.49000000
1631435431.377853,181.46000000,181.49000000
1631435431.5034199,181.42000000,181.49000000
1631435431.578014,181.42000000,181.49000000
1631435431.677865,181.41000000,181.49000000
1631435431.777936,181.41000000,181.49000000
1631435431.877983,181.41000000,181.49000000
1631435431.977888,181.41000000,181.49000000
1631435432.078075,181.41000000,181.49000000
1631435432.177907,181.41000000,181.49000000
1631435432.283489,181.42000000,181.49000000
1631435432.381691,181.42000000,181.49000000
1631435432.5028028,181.42000000,181.49000000
1631435432.5809338,181.42000000,181.49000000
1631435432.684484,181.43000000,181.49000000
1631435432.786579,181.43000000,181.49000000
1631435433.059674,181.43000000,181.49000000
1631435433.0603058,181.44000000,181.49000000
1631435433.104102,181.45000000,181.49000000
1631435433.227963,181.45000000,181.49000000
1631435433.327955,181.45000000,181.49000000
1631435433.427949,181.45000000,181.49000000
1631435433.531046,181.45000000,181.48000000
1631435433.627977,181.42000000,181.45000000
1631435433.728053,181.42000000,181.44000000
1631435433.8279538,181.36000000,181.42000000
1631435433.927938,181.33000000,181.36000000
1631435434.028126,181.33000000,181.36000000
1631435434.1280189,181.33000000,181.36000000
1631435434.229234,181.33000000,181.36000000
1631435434.329283,181.33000000,181.36000000
1631435434.4280179,181.33000000,181.44000000
1631435434.5361652,181.33000000,181.42000000
1631435434.631381,181.33000000,181.40000000
1631435434.732429,181.33000000,181.40000000
1631435434.833725,181.31000000,181.36000000
1631435434.9297469,181.31000000,181.34000000
1631435435.0284328,181.31000000,181.33000000
1631435435.129319,181.31000000,181.33000000
1631435435.229312,181.31000000,181.39000000
1631435435.3286872,181.31000000,181.37000000
1631435435.42862,181.31000000,181.37000000
1631435435.541118,181.31000000,181.37000000
1631435435.6297228,181.31000000,181.37000000
1631435435.7296371,181.32000000,181.36000000
1631435435.829949,181.32000000,181.41000000
1631435436.029582,181.32000000,181.41000000
1631435436.085307,181.32000000,181.40000000
1631435436.148184,181.32000000,181.43000000
1631435436.23824,181.32000000,181.43000000
1631435436.3299708,181.34000000,181.43000000
1631435436.432516,181.34000000,181.43000000
1631435436.577954,181.34000000,181.43000000
1631435436.657631,181.34000000,181.43000000
1631435436.758296,181.34000000,181.43000000
1631435436.88098,181.34000000,181.41000000
1631435436.9591858,181.32000000,181.39000000
1631435437.058482,181.31000000,181.39000000
1631435437.1630878,181.31000000,181.35000000
1631435437.2587452,181.29000000,181.33000000
1631435437.3586712,181.29000000,181.31000000
1631435437.458414,181.29000000,181.31000000
1631435437.559585,181.21000000,181.31000000
1631435437.660129,181.17000000,181.27000000
1631435437.759341,181.17000000,181.24000000
1631435437.858476,181.17000000,181.21000000
1631435437.958904,181.14000000,181.23000000
1631435438.0597172,181.14000000,181.23000000
1631435438.1592362,181.14000000,181.21000000
1631435438.331397,181.14000000,181.23000000
1631435438.359916,181.14000000,181.29000000
1631435438.532131,181.15000000,181.28000000
1631435438.594443,181.15000000,181.27000000
1631435438.660199,181.15000000,181.25000000
1631435439.3433201,181.14000000,181.24000000
1631435439.3439932,181.14000000,181.20000000
1631435439.344606,181.14000000,181.27000000
1631435439.345185,181.15000000,181.27000000
1631435439.345726,181.16000000,181.26000000
1631435439.3463511,181.17000000,181.26000000
1631435439.442657,181.15000000,181.22000000
1631435439.53274,181.15000000,181.22000000
1631435439.560676,181.15000000,181.20000000
1631435439.661358,181.13000000,181.19000000
1631435439.760625,181.13000000,181.14000000
1631435439.860352,181.13000000,181.14000000
1631435439.961657,181.12000000,181.14000000
1631435440.060699,181.12000000,181.14000000
1631435440.160874,181.15000000,181.23000000
1631435440.260698,181.15000000,181.25000000
1631435440.363023,181.15000000,181.24000000
1631435440.4814668,181.15000000,181.22000000
1631435440.56077,181.15000000,181.21000000
1631435440.6613388,181.15000000,181.18000000
1631435440.761406,181.12000000,181.18000000
1631435440.8615491,181.12000000,181.18000000
1631435440.960799,181.12000000,181.15000000
1631435441.061217,181.12000000,181.15000000
1631435441.161841,181.12000000,181.15000000
1631435441.260832,181.12000000,181.15000000
1631435441.361063,181.12000000,181.15000000
1631435441.461062,181.12000000,181.15000000
1631435441.561089,181.12000000,181.15000000
1631435441.660924,181.06000000,181.11000000
1631435441.762402,181.06000000,181.12000000
1631435441.860825,181.06000000,181.12000000
1631435442.037494,181.06000000,181.14000000
1631435442.0897028,181.06000000,181.14000000
1631435442.161552,181.11000000,181.17000000
1631435442.262316,181.12000000,181.22000000
1631435442.361865,181.13000000,181.21000000
1631435442.461802,181.13000000,181.19000000
1631435442.562763,181.13000000,181.17000000
1631435442.664418,181.12000000,181.14000000
1631435442.761575,181.06000000,181.13000000
1631435442.861814,181.06000000,181.13000000
1631435442.962902,181.06000000,181.11000000
1631435443.062779,181.06000000,181.10000000
1631435443.162476,181.06000000,181.10000000
1631435443.2629702,181.06000000,181.10000000
1631435443.362952,181.06000000,181.10000000
1631435443.4627478,181.06000000,181.15000000
1631435443.581463,181.06000000,181.14000000
1631435443.662953,181.06000000,181.14000000
1631435443.7630239,181.06000000,181.14000000
1631435443.863517,181.06000000,181.14000000
1631435443.963883,181.02000000,181.14000000
1631435444.06372,181.02000000,181.14000000
1631435444.1628742,181.06000000,181.14000000
1631435444.264292,181.06000000,181.14000000
1631435444.363986,181.07000000,181.14000000
1631435444.481493,181.09000000,181.19000000
1631435444.56402,181.10000000,181.19000000
1631435444.664274,181.10000000,181.18000000
1631435444.781457,181.08000000,181.18000000
1631435444.881508,181.07000000,181.16000000
1631435445.05023,181.02000000,181.11000000
1631435445.108372,181.00000000,181.06000000
1631435445.164577,181.00000000,181.04000000
1631435445.264236,181.00000000,181.04000000
1631435445.3646169,181.00000000,181.04000000
1631435445.46404,181.00000000,181.04000000
1631435445.5637078,181.00000000,181.04000000
1631435445.664088,181.00000000,181.04000000
1631435445.8313038,181.00000000,181.04000000
1631435445.9313998,181.00000000,181.04000000
1631435446.031393,181.00000000,181.04000000
1631435446.131486,180.99000000,181.04000000
1631435446.231498,180.96000000,181.04000000
1631435446.3313742,180.95000000,181.00000000
1631435446.4315362,180.95000000,181.00000000
1631435446.538346,180.95000000,181.00000000
1631435446.6313841,180.95000000,181.00000000
1631435446.731484,180.95000000,181.00000000
1631435446.831466,180.95000000,181.00000000
1631435446.9313731,180.95000000,181.00000000
1631435447.031465,180.95000000,180.97000000
1631435447.131507,180.95000000,180.97000000
1631435447.2313972,180.95000000,180.97000000
1631435447.331597,180.95000000,180.97000000
1631435447.4314592,180.95000000,180.97000000
1631435447.538938,180.95000000,180.97000000
1631435447.6314628,180.95000000,180.97000000
1631435447.738185,180.95000000,180.96000000
1631435447.8390589,180.95000000,180.96000000
1631435448.054177,180.95000000,180.96000000
1631435448.1032698,180.95000000,180.96000000
1631435448.153134,180.95000000,180.96000000
1631435448.241365,180.95000000,180.96000000
1631435448.3347142,180.95000000,180.96000000
1631435448.435499,180.95000000,180.97000000
1631435448.5569391,180.95000000,180.97000000
1631435448.6358578,180.95000000,180.97000000
1631435448.735063,180.95000000,180.96000000
1631435448.835657,180.95000000,181.00000000
1631435448.9357471,180.92000000,181.00000000
1631435449.0356228,180.92000000,181.00000000
1631435449.1355038,180.92000000,181.00000000
1631435449.23618,180.92000000,181.01000000
1631435449.33615,180.92000000,181.02000000
1631435449.4371881,180.92000000,181.01000000
1631435449.5551329,180.92000000,181.01000000
1631435449.636398,180.92000000,181.01000000
1631435449.736685,180.92000000,181.04000000
1631435449.83576,180.92000000,181.04000000
1631435449.936554,180.92000000,181.04000000
1631435450.035746,180.92000000,181.03000000
1631435450.181509,180.92000000,181.03000000
1631435450.2368052,180.92000000,181.03000000
1631435450.335828,180.92000000,181.03000000
1631435450.437343,180.92000000,181.03000000
1631435450.540421,180.92000000,181.03000000
1631435450.6473012,180.92000000,181.03000000
1631435450.7471218,180.92000000,181.03000000
1631435450.847873,180.92000000,181.03000000
1631435451.0461981,180.92000000,181.03000000
1631435451.099721,180.92000000,181.03000000
1631435451.152782,181.00000000,181.01000000
1631435451.252243,180.92000000,181.01000000
1631435451.35601,180.92000000,181.01000000
1631435451.455231,180.92000000,181.01000000
1631435451.5582988,180.92000000,180.99000000
1631435451.6543849,180.92000000,180.99000000
1631435451.752674,180.92000000,180.99000000
1631435451.8544042,180.92000000,180.99000000
1631435451.953929,180.92000000,180.97000000
1631435452.0539498,180.86000000,180.93000000
1631435452.154455,180.86000000,180.92000000
1631435452.2544582,180.86000000,180.92000000
1631435452.354573,180.86000000,180.92000000
1631435452.454975,180.86000000,180.92000000
1631435452.58143,180.86000000,180.92000000
1631435452.653923,180.87000000,180.92000000
1631435452.755031,180.92000000,180.97000000
1631435452.856529,180.92000000,180.95000000
1631435452.961359,180.87000000,180.93000000
1631435453.060757,180.87000000,180.93000000
1631435453.154687,180.87000000,180.93000000
1631435453.2548962,180.87000000,180.93000000
1631435453.355714,180.87000000,180.93000000
1631435453.481556,180.87000000,180.93000000
1631435453.58158,180.87000000,180.93000000
1631435453.681516,180.87000000,180.93000000
1631435453.844288,180.87000000,180.93000000
1631435454.040514,180.87000000,180.94000000
1631435454.086803,180.89000000,180.97000000
1631435454.144385,180.91000000,180.97000000
1631435454.243829,180.94000000,180.97000000
1631435454.343442,180.94000000,180.97000000
1631435454.443778,180.94000000,181.00000000
1631435454.54543,180.94000000,181.00000000
1631435454.644892,181.00000000,181.06000000
1631435454.74457,181.00000000,181.02000000
1631435454.844285,181.00000000,181.01000000
1631435454.943862,180.89000000,181.01000000
1631435455.0443058,180.87000000,180.94000000
1631435455.143598,180.87000000,180.94000000
1631435455.2452748,180.87000000,180.94000000
1631435455.3457458,180.87000000,180.94000000
1631435455.449127,180.87000000,180.94000000
1631435455.581533,180.87000000,180.94000000
1631435455.6486762,180.87000000,180.94000000
1631435455.746698,180.87000000,180.90000000
1631435455.84757,180.87000000,180.97000000
1631435455.947532,180.87000000,180.94000000
1631435456.047074,180.87000000,180.91000000
1631435456.146803,180.87000000,180.90000000
1631435456.247024,180.87000000,180.90000000
1631435456.346464,180.87000000,180.92000000
1631435456.448182,180.87000000,180.92000000
1631435456.558958,180.87000000,180.91000000
1631435456.6471171,180.86000000,180.92000000
1631435456.747282,180.86000000,180.89000000
1631435456.850946,180.86000000,180.89000000
1631435457.0391412,180.86000000,180.92000000
1631435457.081779,180.85000000,180.92000000
1631435457.147223,180.90000000,180.92000000
1631435457.2472398,180.90000000,180.92000000
1631435457.3475661,180.90000000,180.92000000
1631435457.4481668,180.90000000,180.91000000
1631435457.5602639,180.90000000,180.91000000
1631435457.647769,180.85000000,180.91000000
1631435457.747623,180.85000000,180.89000000
1631435457.847765,180.85000000,180.89000000
1631435457.947995,180.85000000,180.89000000
1631435458.0479538,180.85000000,180.89000000
1631435458.14943,180.85000000,180.89000000
1631435458.247657,180.85000000,180.91000000
1631435458.347229,180.85000000,180.91000000
1631435458.44877,180.86000000,180.91000000
1631435458.560813,180.86000000,180.91000000
1631435458.6485078,180.86000000,180.90000000
1631435458.7478368,180.86000000,180.90000000
1631435458.84807,180.86000000,180.91000000
1631435458.98166,180.86000000,180.91000000
1631435459.048026,180.86000000,180.91000000
1631435459.1487591,180.86000000,180.91000000
1631435459.2507148,180.86000000,180.91000000
1631435459.3494232,180.86000000,180.89000000
1631435459.4484842,180.87000000,180.96000000
1631435459.5487099,180.88000000,180.96000000
1631435459.6492002,180.88000000,180.96000000
1631435459.7504919,180.88000000,180.96000000
1631435459.849378,180.88000000,180.95000000
1631435460.043722,180.88000000,180.94000000
1631435460.086176,180.88000000,180.94000000
1631435460.15143,180.88000000,180.94000000
1631435460.249044,180.88000000,180.94000000
1631435460.350621,180.88000000,180.94000000
1631435460.4494898,180.88000000,180.94000000
1631435460.563133,180.88000000,180.94000000
1631435460.651189,180.88000000,180.95000000
1631435460.7499032,180.87000000,180.95000000
1631435460.8494148,180.87000000,180.94000000
1631435460.949811,180.87000000,180.94000000
1631435461.051779,180.87000000,180.94000000
1631435461.152072,180.87000000,180.94000000
1631435461.253181,180.88000000,180.94000000
1631435461.355238,180.88000000,180.94000000
1631435461.450667,180.88000000,180.94000000
1631435461.564638,180.87000000,180.94000000
1631435461.650825,180.87000000,180.94000000
1631435461.781645,180.87000000,180.94000000
1631435461.881572,180.87000000,180.94000000
1631435461.960638,180.87000000,180.94000000
1631435462.0617359,180.88000000,180.93000000
1631435462.160768,180.88000000,180.92000000
1631435462.281693,180.88000000,180.92000000
1631435462.363473,180.88000000,180.92000000
1631435462.481719,180.87000000,180.92000000
1631435462.5816572,180.88000000,180.92000000
1631435462.6815412,180.87000000,180.92000000
1631435462.781706,180.88000000,180.92000000
1631435462.881769,180.88000000,180.92000000
1631435463.036261,180.88000000,180.90000000
1631435463.081616,180.88000000,180.90000000
1631435463.181675,180.88000000,180.90000000
1631435463.2816808,180.87000000,180.90000000
1631435463.38173,180.87000000,180.90000000
1631435463.481725,180.85000000,180.88000000
1631435463.5817869,180.85000000,180.88000000
1631435463.681779,180.85000000,180.86000000
1631435463.781718,180.85000000,180.89000000
1631435463.881844,180.85000000,180.89000000
